Time,Price,Volume
2023-06-02 14:13:45,394.74,
2023-06-02 14:13:45,394.74,143381.0
2023-06-02 14:13:45,394.74,143381.0
2023-06-02 14:13:45,394.79,143381.0
2023-06-02 14:13:45,394.79,143393.0
2023-06-02 14:13:46,394.76,143394.0
2023-06-02 14:13:46,394.76,143394.0
2023-06-02 14:13:46,394.76,143394.0
2023-06-02 14:13:46,394.76,143394.0
2023-06-02 14:13:46,394.87,143395.0
2023-06-02 14:13:47,394.73,143398.0
2023-06-02 14:13:47,394.73,143398.0
2023-06-02 14:13:47,394.73,143398.0
2023-06-02 14:13:47,394.85,143398.0
2023-06-02 14:13:47,394.85,143403.0
2023-06-02 14:13:48,394.85,143404.0
2023-06-02 14:13:48,394.85,143404.0
2023-06-02 14:13:49,394.85,143404.0
2023-06-02 14:13:49,394.79,143407.0
2023-06-02 14:13:49,394.85,143407.0
2023-06-02 14:13:49,394.85,143412.0
2023-06-02 14:13:49,394.85,143412.0
2023-06-02 14:13:50,394.81,143412.0
2023-06-02 14:13:50,394.81,143413.0
2023-06-02 14:13:50,394.81,143413.0
2023-06-02 14:13:50,394.78,143414.0
2023-06-02 14:13:51,394.81,143414.0
2023-06-02 14:13:51,394.81,143415.0
2023-06-02 14:13:51,394.81,143415.0
2023-06-02 14:13:51,394.81,143415.0
2023-06-02 14:13:51,394.81,143415.0
2023-06-02 14:13:51,394.83,143415.0
2023-06-02 14:13:51,394.83,143417.0
2023-06-02 14:13:51,394.83,143417.0
2023-06-02 14:13:52,394.73,143417.0
2023-06-02 14:13:52,394.73,143418.0
2023-06-02 14:13:52,394.73,143418.0
2023-06-02 14:13:52,394.73,143418.0
2023-06-02 14:13:52,394.61,143418.0
2023-06-02 14:13:52,394.61,143420.0
2023-06-02 14:13:53,394.78499999999997,143420.0
2023-06-02 14:13:53,394.65,143430.0
2023-06-02 14:13:53,394.65,143430.0
2023-06-02 14:13:54,394.65,143430.0
2023-06-02 14:13:54,394.65,143430.0
2023-06-02 14:13:54,394.8,143431.0
2023-06-02 14:13:54,394.8,143753.0
2023-06-02 14:13:54,394.69,143753.0
2023-06-02 14:13:54,394.62,143754.0
2023-06-02 14:13:55,394.62,143754.0
2023-06-02 14:13:55,394.67,143754.0
2023-06-02 14:13:55,394.67,143755.0
2023-06-02 14:13:55,394.67,143755.0
2023-06-02 14:13:55,394.67,143755.0
2023-06-02 14:13:55,394.6,143756.0
2023-06-02 14:13:55,394.6,143756.0
2023-06-02 14:13:56,394.62,143760.0
2023-06-02 14:13:56,394.62,143760.0
2023-06-02 14:13:56,394.62,143760.0
2023-06-02 14:13:56,394.62,143760.0
2023-06-02 14:13:56,394.56,143761.0
2023-06-02 14:13:57,394.56,143761.0
2023-06-02 14:13:57,394.6,143761.0
2023-06-02 14:13:57,394.6,143762.0
2023-06-02 14:13:57,394.6,143762.0
2023-06-02 14:13:57,394.59,143763.0
2023-06-02 14:13:57,394.59,143763.0
2023-06-02 14:13:58,394.59,143763.0
2023-06-02 14:13:58,394.59,143763.0
2023-06-02 14:13:58,394.59,143763.0
2023-06-02 14:13:58,394.59,143765.0
2023-06-02 14:13:58,394.59,143765.0
2023-06-02 14:13:58,394.55,143765.0
2023-06-02 14:13:58,394.55,143766.0
2023-06-02 14:13:58,394.55,143766.0
2023-06-02 14:13:59,394.55,143766.0
2023-06-02 14:13:59,394.55,143766.0
2023-06-02 14:13:59,394.58,143766.0
2023-06-02 14:13:59,394.58,143768.0
2023-06-02 14:13:59,394.58,143768.0
2023-06-02 14:13:59,394.58,143768.0
2023-06-02 14:13:59,394.55,143768.0
2023-06-02 14:13:59,394.55,143769.0
2023-06-02 14:14:00,394.55,143769.0
2023-06-02 14:14:00,394.55,143769.0
2023-06-02 14:14:00,394.49,143772.0
2023-06-02 14:14:00,394.36,143772.0
2023-06-02 14:14:00,394.36,143772.0
2023-06-02 14:14:00,394.36,143772.0
2023-06-02 14:14:00,394.36,143773.0
2023-06-02 14:14:01,394.36,143773.0
2023-06-02 14:14:01,394.36,143773.0
2023-06-02 14:14:01,394.3,143774.0
2023-06-02 14:14:01,394.24,143774.0
2023-06-02 14:14:01,394.24,143774.0
2023-06-02 14:14:01,394.24,143774.0
2023-06-02 14:14:01,394.24,143784.0
2023-06-02 14:14:02,394.24,143784.0
2023-06-02 14:14:02,394.24,143784.0
2023-06-02 14:14:02,394.3,143785.0
2023-06-02 14:14:02,394.3,143785.0
2023-06-02 14:14:02,394.18,143785.0
2023-06-02 14:14:02,394.18,143787.0
2023-06-02 14:14:02,394.18,143787.0
2023-06-02 14:14:03,394.18,143787.0
2023-06-02 14:14:03,394.18,143787.0
2023-06-02 14:14:03,394.18,143787.0
2023-06-02 14:14:03,394.3,143788.0
2023-06-02 14:14:03,394.3,143788.0
2023-06-02 14:14:03,394.31,143789.0
2023-06-02 14:14:04,394.31,143789.0
2023-06-02 14:14:04,394.24,143789.0
2023-06-02 14:14:04,394.24,143791.0
2023-06-02 14:14:04,394.24,143791.0
2023-06-02 14:14:04,394.24,143791.0
2023-06-02 14:14:04,394.27,143791.0
2023-06-02 14:14:04,394.27,143792.0
2023-06-02 14:14:05,394.27,143792.0
2023-06-02 14:14:05,394.27,143792.0
2023-06-02 14:14:05,394.3,143792.0
2023-06-02 14:14:05,394.3,143793.0
2023-06-02 14:14:05,394.385,143793.0
2023-06-02 14:14:05,394.48,143793.0
2023-06-02 14:14:06,394.48,143793.0
2023-06-02 14:14:06,394.43,143793.0
2023-06-02 14:14:06,394.43,143794.0
2023-06-02 14:14:06,394.43,143794.0
2023-06-02 14:14:06,394.47,143794.0
2023-06-02 14:14:06,394.47,143795.0
2023-06-02 14:14:06,394.575,143795.0
2023-06-02 14:14:06,394.575,143795.0
2023-06-02 14:14:06,394.5,143795.0
2023-06-02 14:14:06,394.5,143797.0
2023-06-02 14:14:07,394.5,143797.0
2023-06-02 14:14:07,394.5,143797.0
2023-06-02 14:14:07,394.51,143797.0
2023-06-02 14:14:07,394.51,143799.0
2023-06-02 14:14:07,394.51,143799.0
2023-06-02 14:14:07,394.59,143799.0
2023-06-02 14:14:07,394.59,143801.0
2023-06-02 14:14:08,394.59,143801.0
2023-06-02 14:14:08,394.55,143801.0
2023-06-02 14:14:08,394.55,143802.0
2023-06-02 14:14:08,394.55,143802.0
2023-06-02 14:14:08,394.54,143802.0
2023-06-02 14:14:08,394.54,143803.0
2023-06-02 14:14:08,394.54,143803.0
2023-06-02 14:14:09,394.54,143803.0
2023-06-02 14:14:09,394.54,143803.0
2023-06-02 14:14:09,394.6,143803.0
2023-06-02 14:14:09,394.6,143804.0
2023-06-02 14:14:09,394.6,143804.0
2023-06-02 14:14:09,394.61,143806.0
2023-06-02 14:14:09,394.61,143806.0
2023-06-02 14:14:10,394.61,143806.0
2023-06-02 14:14:10,394.61,143809.0
2023-06-02 14:14:10,394.65,143811.0
2023-06-02 14:14:10,394.65,143811.0
2023-06-02 14:14:11,394.65,143811.0
2023-06-02 14:14:11,394.61,143811.0
2023-06-02 14:14:11,394.61,143814.0
2023-06-02 14:14:11,394.61,143814.0
2023-06-02 14:14:11,394.58,143814.0
2023-06-02 14:14:11,394.58,143815.0
2023-06-02 14:14:12,394.58,143815.0
2023-06-02 14:14:12,394.58,143815.0
2023-06-02 14:14:12,394.58,143816.0
2023-06-02 14:14:12,394.58,143816.0
2023-06-02 14:14:13,394.58,143816.0
2023-06-02 14:14:13,394.65,143816.0
2023-06-02 14:14:13,394.65,143817.0
2023-06-02 14:14:13,394.65,143817.0
2023-06-02 14:14:13,394.7,143817.0
2023-06-02 14:14:13,394.7,143818.0
2023-06-02 14:14:13,394.7,143818.0
2023-06-02 14:14:14,394.7,143818.0
2023-06-02 14:14:14,394.7,143818.0
2023-06-02 14:14:14,394.7,143823.0
2023-06-02 14:14:14,394.7,143825.0
2023-06-02 14:14:14,394.7,143825.0
2023-06-02 14:14:14,394.7,143825.0
2023-06-02 14:14:15,394.64,143825.0
2023-06-02 14:14:15,394.64,143831.0
2023-06-02 14:14:15,394.64,143831.0
2023-06-02 14:14:15,394.765,143831.0
2023-06-02 14:14:15,394.765,143831.0
2023-06-02 14:14:15,394.79,143831.0
2023-06-02 14:14:15,394.79,143832.0
2023-06-02 14:14:16,394.76,143832.0
2023-06-02 14:14:16,394.76,143837.0
2023-06-02 14:14:16,394.76,143837.0
2023-06-02 14:14:16,394.76,143837.0
2023-06-02 14:14:16,394.755,143838.0
2023-06-02 14:14:16,394.825,143838.0
2023-06-02 14:14:17,394.85,143838.0
2023-06-02 14:14:17,394.85,143840.0
2023-06-02 14:14:17,394.92499999999995,143840.0
2023-06-02 14:14:17,394.92499999999995,143840.0
2023-06-02 14:14:17,394.92,143840.0
2023-06-02 14:14:17,394.92,143841.0
2023-06-02 14:14:18,394.9,143845.0
2023-06-02 14:14:18,395.03499999999997,143845.0
2023-06-02 14:14:18,395.03999999999996,143845.0
2023-06-02 14:14:18,395.03999999999996,143845.0
2023-06-02 14:14:18,395.06,143845.0
2023-06-02 14:14:18,395.06,143849.0
2023-06-02 14:14:19,395.06,143849.0
2023-06-02 14:14:19,394.99,143849.0
2023-06-02 14:14:19,394.99,143850.0
2023-06-02 14:14:19,394.99,143850.0
2023-06-02 14:14:19,394.99,143850.0
2023-06-02 14:14:19,394.94,143855.0
2023-06-02 14:14:19,394.94,143855.0
2023-06-02 14:14:20,394.99,143856.0
2023-06-02 14:14:20,394.86,143856.0
2023-06-02 14:14:20,394.86,143856.0
2023-06-02 14:14:20,394.86,143856.0
2023-06-02 14:14:20,394.86,143857.0
2023-06-02 14:14:21,394.83,143857.0
2023-06-02 14:14:21,394.83,143859.0
2023-06-02 14:14:21,394.83,143859.0
2023-06-02 14:14:21,394.83,143859.0
2023-06-02 14:14:21,394.83,143859.0
2023-06-02 14:14:21,394.83,143859.0
2023-06-02 14:14:21,394.88,143860.0
2023-06-02 14:14:22,394.88,143860.0
2023-06-02 14:14:22,394.88,143860.0
2023-06-02 14:14:22,394.88,143861.0
2023-06-02 14:14:22,394.88,143861.0
2023-06-02 14:14:22,394.86,143861.0
2023-06-02 14:14:22,394.86,143862.0
2023-06-02 14:14:23,394.88,143863.0
2023-06-02 14:14:23,394.88,143863.0
2023-06-02 14:14:23,394.87,143863.0
2023-06-02 14:14:23,394.87,143865.0
2023-06-02 14:14:24,394.87,143865.0
2023-06-02 14:14:24,394.87,144437.0
2023-06-02 14:14:24,394.87,144437.0
2023-06-02 14:14:24,394.87,144437.0
2023-06-02 14:14:24,394.84,144438.0
2023-06-02 14:14:25,394.8,144438.0
2023-06-02 14:14:25,394.8,144439.0
2023-06-02 14:14:25,394.8,144439.0
2023-06-02 14:14:25,394.8,144439.0
2023-06-02 14:14:25,394.8,144442.0
2023-06-02 14:14:25,394.8,144442.0
2023-06-02 14:14:26,394.77,144442.0
2023-06-02 14:14:26,394.77,144443.0
2023-06-02 14:14:26,394.895,144443.0
2023-06-02 14:14:26,394.81,144448.0
2023-06-02 14:14:26,394.81,144448.0
2023-06-02 14:14:27,394.9,144448.0
2023-06-02 14:14:27,394.9,144450.0
2023-06-02 14:14:27,394.9,144450.0
2023-06-02 14:14:27,394.9,144450.0
2023-06-02 14:14:27,394.92,144450.0
2023-06-02 14:14:27,395.025,144452.0
2023-06-02 14:14:28,395.02,144452.0
2023-06-02 14:14:28,395.02,144453.0
2023-06-02 14:14:28,395.02,144453.0
2023-06-02 14:14:28,395.02,144453.0
2023-06-02 14:14:28,395.02,144453.0
2023-06-02 14:14:28,394.99,144453.0
2023-06-02 14:14:28,394.99,144454.0
2023-06-02 14:14:28,394.99,144454.0
2023-06-02 14:14:29,394.99,144455.0
2023-06-02 14:14:29,394.99,144455.0
2023-06-02 14:14:29,394.99,144455.0
2023-06-02 14:14:29,394.94,144455.0
2023-06-02 14:14:29,394.94,144460.0
2023-06-02 14:14:30,394.93,144461.0
2023-06-02 14:14:30,394.93,144461.0
2023-06-02 14:14:30,394.92,144461.0
2023-06-02 14:14:30,394.92,144463.0
2023-06-02 14:14:31,394.93,144464.0
2023-06-02 14:14:31,394.98,144464.0
2023-06-02 14:14:31,394.98,144464.0
2023-06-02 14:14:31,394.98,144464.0
2023-06-02 14:14:31,394.98,144465.0
2023-06-02 14:14:32,395.0,144465.0
2023-06-02 14:14:32,395.0,144466.0
2023-06-02 14:14:32,395.03,144467.0
2023-06-02 14:14:33,394.96,144467.0
2023-06-02 14:14:33,394.96,144468.0
2023-06-02 14:14:33,394.96,144468.0
2023-06-02 14:14:33,394.96,144468.0
2023-06-02 14:14:33,395.06,144468.0
2023-06-02 14:14:33,395.06,144469.0
2023-06-02 14:14:33,395.06,144469.0
2023-06-02 14:14:34,395.06,144469.0
2023-06-02 14:14:34,395.055,144469.0
2023-06-02 14:14:34,395.14,144470.0
2023-06-02 14:14:34,395.14,144470.0
2023-06-02 14:14:34,395.07,144471.0
2023-06-02 14:14:34,395.07,144471.0
2023-06-02 14:14:35,395.05,144472.0
2023-06-02 14:14:35,395.125,144472.0
2023-06-02 14:14:35,395.05,144472.0
2023-06-02 14:14:35,395.06,144473.0
2023-06-02 14:14:35,395.06,144473.0
2023-06-02 14:14:35,395.06,144473.0
2023-06-02 14:14:35,395.06,144473.0
2023-06-02 14:14:35,395.05,144473.0
2023-06-02 14:14:35,395.05,144474.0
2023-06-02 14:14:36,395.05,144474.0
2023-06-02 14:14:36,394.98,144474.0
2023-06-02 14:14:36,394.98,144475.0
2023-06-02 14:14:36,394.98,144475.0
2023-06-02 14:14:36,395.04,144475.0
2023-06-02 14:14:36,395.04,144476.0
2023-06-02 14:14:36,395.04,144476.0
2023-06-02 14:14:37,395.07,144477.0
2023-06-02 14:14:37,395.07,144477.0
2023-06-02 14:14:37,395.07,144477.0
2023-06-02 14:14:37,395.05,144478.0
2023-06-02 14:14:38,395.05,144478.0
2023-06-02 14:14:38,395.05,144478.0
2023-06-02 14:14:38,395.04,144478.0
2023-06-02 14:14:38,395.04,144480.0
2023-06-02 14:14:38,395.04,144480.0
2023-06-02 14:14:39,395.09,144480.0
2023-06-02 14:14:39,395.09,144485.0
2023-06-02 14:14:39,395.09,144485.0
2023-06-02 14:14:39,395.09,144485.0
2023-06-02 14:14:39,395.09,144485.0
2023-06-02 14:14:39,395.02,144485.0
2023-06-02 14:14:39,395.02,144486.0
2023-06-02 14:14:39,395.16,144487.0
2023-06-02 14:14:40,395.16,144487.0
2023-06-02 14:14:40,395.16,144487.0
2023-06-02 14:14:40,395.08000000000004,144487.0
2023-06-02 14:14:40,395.26,144488.0
2023-06-02 14:14:41,395.31,144488.0
2023-06-02 14:14:41,395.31,144489.0
2023-06-02 14:14:41,395.31,144489.0
2023-06-02 14:14:41,395.31,144489.0
2023-06-02 14:14:41,395.31,144489.0
2023-06-02 14:14:41,395.4,144489.0
2023-06-02 14:14:41,395.27,144490.0
2023-06-02 14:14:41,395.30999999999995,144490.0
2023-06-02 14:14:41,395.31,144490.0
2023-06-02 14:14:41,395.31,144491.0
2023-06-02 14:14:41,395.31,144491.0
2023-06-02 14:14:42,395.31,144491.0
2023-06-02 14:14:42,395.31,144491.0
2023-06-02 14:14:42,395.34,144491.0
2023-06-02 14:14:42,395.34,144493.0
2023-06-02 14:14:42,395.29,144493.0
2023-06-02 14:14:42,395.29,144494.0
2023-06-02 14:14:42,395.29,144494.0
2023-06-02 14:14:43,395.29,144494.0
2023-06-02 14:14:43,395.29,144494.0
2023-06-02 14:14:43,395.38,144494.0
2023-06-02 14:14:43,395.38,144509.0
2023-06-02 14:14:43,395.38,144510.0
2023-06-02 14:14:44,395.38,144510.0
2023-06-02 14:14:44,395.33,144510.0
2023-06-02 14:14:44,395.33,144512.0
2023-06-02 14:14:44,395.33,144512.0
2023-06-02 14:14:44,395.3,144512.0
2023-06-02 14:14:44,395.3,144515.0
2023-06-02 14:14:44,395.3,144515.0
2023-06-02 14:14:45,395.3,144515.0
2023-06-02 14:14:45,395.3,144515.0
2023-06-02 14:14:45,395.3,144515.0
2023-06-02 14:14:45,395.33,144516.0
2023-06-02 14:14:45,395.33,144516.0
2023-06-02 14:14:45,395.33,144516.0
2023-06-02 14:14:45,395.33,144518.0
2023-06-02 14:14:46,395.33,144518.0
2023-06-02 14:14:46,395.33,144518.0
2023-06-02 14:14:46,395.26,144518.0
2023-06-02 14:14:46,395.26,144519.0
2023-06-02 14:14:46,395.26,144519.0
2023-06-02 14:14:46,395.23,144519.0
2023-06-02 14:14:46,395.23,144520.0
2023-06-02 14:14:47,395.23,144520.0
2023-06-02 14:14:47,395.3,144520.0
2023-06-02 14:14:47,395.3,144522.0
2023-06-02 14:14:47,395.3,144522.0
2023-06-02 14:14:48,395.21,144523.0
2023-06-02 14:14:48,395.21,144523.0
2023-06-02 14:14:48,395.21,144523.0
2023-06-02 14:14:48,395.22,144523.0
2023-06-02 14:14:48,395.22,144524.0
2023-06-02 14:14:48,395.22,144524.0
2023-06-02 14:14:48,395.22,144524.0
2023-06-02 14:14:48,395.16,144524.0
2023-06-02 14:14:48,395.16,144525.0
2023-06-02 14:14:48,395.16,144525.0
2023-06-02 14:14:49,395.16,144525.0
2023-06-02 14:14:49,395.08,144526.0
2023-06-02 14:14:49,395.08,144526.0
2023-06-02 14:14:50,395.08,144526.0
2023-06-02 14:14:50,395.1,144527.0
2023-06-02 14:14:50,395.1,144527.0
2023-06-02 14:14:50,395.1,144527.0
2023-06-02 14:14:50,395.1,144527.0
2023-06-02 14:14:50,395.03,144529.0
2023-06-02 14:14:51,395.04,144530.0
2023-06-02 14:14:51,395.04,144530.0
2023-06-02 14:14:51,394.96,144532.0
2023-06-02 14:14:51,394.96,144532.0
2023-06-02 14:14:51,395.02,144532.0
2023-06-02 14:14:51,394.9,144533.0
2023-06-02 14:14:52,394.9,144533.0
2023-06-02 14:14:52,394.92,144534.0
2023-06-02 14:14:52,394.82500000000005,144534.0
2023-06-02 14:14:52,394.83,144534.0
2023-06-02 14:14:53,394.83,144535.0
2023-06-02 14:14:53,394.83,144535.0
2023-06-02 14:14:53,394.83,144535.0
2023-06-02 14:14:53,394.85,144535.0
2023-06-02 14:14:53,394.85,144537.0
2023-06-02 14:14:53,394.85,144537.0
2023-06-02 14:14:54,394.83,144537.0
2023-06-02 14:14:54,394.83,144538.0
2023-06-02 14:14:54,394.855,144538.0
2023-06-02 14:14:54,394.855,145423.0
2023-06-02 14:14:54,394.855,145423.0
2023-06-02 14:14:54,394.77,145423.0
2023-06-02 14:14:54,394.77,145424.0
2023-06-02 14:14:54,394.77,145424.0
2023-06-02 14:14:55,394.84,145425.0
2023-06-02 14:14:55,394.905,145425.0
2023-06-02 14:14:55,394.905,145425.0
2023-06-02 14:14:55,394.905,145428.0
2023-06-02 14:14:55,394.88,145428.0
2023-06-02 14:14:55,394.91499999999996,145428.0
2023-06-02 14:14:56,394.95,145429.0
2023-06-02 14:14:56,394.95,145429.0
2023-06-02 14:14:56,394.92,145430.0
2023-06-02 14:14:57,394.92,145431.0
2023-06-02 14:14:57,394.92,145431.0
2023-06-02 14:14:57,394.92,145431.0
2023-06-02 14:14:57,394.89,145431.0
2023-06-02 14:14:57,394.89,145432.0
2023-06-02 14:14:58,394.89,145432.0
2023-06-02 14:14:58,394.95,145432.0
2023-06-02 14:14:58,394.95,145433.0
2023-06-02 14:14:58,394.95,145433.0
2023-06-02 14:14:59,394.95,145433.0
2023-06-02 14:14:59,394.95,145433.0
2023-06-02 14:14:59,394.95,145435.0
2023-06-02 14:14:59,394.88,145436.0
2023-06-02 14:15:00,394.88,145436.0
2023-06-02 14:15:00,394.88,145436.0
2023-06-02 14:15:00,394.88,145436.0
2023-06-02 14:15:00,394.95,145437.0
2023-06-02 14:15:00,394.875,145437.0
2023-06-02 14:15:01,395.065,145438.0
2023-06-02 14:15:01,394.96,145438.0
2023-06-02 14:15:01,394.91499999999996,145439.0
2023-06-02 14:15:01,394.905,145439.0
2023-06-02 14:15:02,394.905,145439.0
2023-06-02 14:15:02,394.97,145440.0
2023-06-02 14:15:02,394.97,145440.0
2023-06-02 14:15:02,394.97,145442.0
2023-06-02 14:15:02,394.97,145442.0
2023-06-02 14:15:03,395.01,145452.0
2023-06-02 14:15:03,395.01,145452.0
2023-06-02 14:15:03,395.01,145452.0
2023-06-02 14:15:03,394.92,145452.0
2023-06-02 14:15:03,394.92,145472.0
2023-06-02 14:15:03,394.92,145472.0
2023-06-02 14:15:03,394.95,145472.0
2023-06-02 14:15:03,394.95,145474.0
2023-06-02 14:15:03,394.95,145474.0
2023-06-02 14:15:04,394.95,145474.0
2023-06-02 14:15:04,394.95,145474.0
2023-06-02 14:15:04,394.92,145474.0
2023-06-02 14:15:04,394.92,145475.0
2023-06-02 14:15:04,394.775,145475.0
2023-06-02 14:15:04,394.78,145475.0
2023-06-02 14:15:05,394.72,145475.0
2023-06-02 14:15:05,394.72,145478.0
2023-06-02 14:15:05,394.72,145478.0
2023-06-02 14:15:05,394.72,145478.0
2023-06-02 14:15:05,394.72,145478.0
2023-06-02 14:15:05,394.77,145479.0
2023-06-02 14:15:06,394.77,145480.0
2023-06-02 14:15:06,394.77,145480.0
2023-06-02 14:15:06,394.77,145480.0
2023-06-02 14:15:06,394.83500000000004,145480.0
2023-06-02 14:15:06,394.83500000000004,145483.0
2023-06-02 14:15:06,394.84000000000003,145483.0
2023-06-02 14:15:06,394.96,145483.0
2023-06-02 14:15:07,394.78,145483.0
2023-06-02 14:15:07,394.78,145484.0
2023-06-02 14:15:07,394.78,145484.0
2023-06-02 14:15:07,394.78,145485.0
2023-06-02 14:15:07,394.78,145485.0
2023-06-02 14:15:07,394.78,145485.0
2023-06-02 14:15:08,394.87,145485.0
2023-06-02 14:15:08,394.87,145486.0
2023-06-02 14:15:08,394.87,145486.0
2023-06-02 14:15:08,394.87,145486.0
2023-06-02 14:15:08,394.9,145488.0
2023-06-02 14:15:09,394.9,145488.0
2023-06-02 14:15:09,394.86,145488.0
2023-06-02 14:15:09,394.86,145489.0
2023-06-02 14:15:10,394.9,145490.0
2023-06-02 14:15:10,394.9,145490.0
2023-06-02 14:15:10,394.9,145490.0
2023-06-02 14:15:10,394.9,145490.0
2023-06-02 14:15:10,394.9,145491.0
2023-06-02 14:15:10,394.9,145491.0
2023-06-02 14:15:10,394.89,145492.0
2023-06-02 14:15:11,394.89,145492.0
2023-06-02 14:15:11,394.9,145492.0
2023-06-02 14:15:11,394.9,145502.0
2023-06-02 14:15:12,394.9,145502.0
2023-06-02 14:15:12,394.9,145502.0
2023-06-02 14:15:12,394.97,145502.0
2023-06-02 14:15:12,394.97,145503.0
2023-06-02 14:15:12,394.89,145503.0
2023-06-02 14:15:12,394.89,145505.0
2023-06-02 14:15:12,394.815,145505.0
2023-06-02 14:15:13,394.78,145505.0
2023-06-02 14:15:13,394.78,145506.0
2023-06-02 14:15:13,394.78,145506.0
2023-06-02 14:15:13,394.78,145506.0
2023-06-02 14:15:13,394.78,145506.0
2023-06-02 14:15:13,394.8,145508.0
2023-06-02 14:15:13,394.8,145508.0
2023-06-02 14:15:14,394.8,145508.0
2023-06-02 14:15:14,394.77,145508.0
2023-06-02 14:15:14,394.77,145510.0
2023-06-02 14:15:14,394.77,145510.0
2023-06-02 14:15:14,394.77,145510.0
2023-06-02 14:15:14,394.7,145511.0
2023-06-02 14:15:14,394.7,145511.0
2023-06-02 14:15:15,394.7,145511.0
2023-06-02 14:15:15,394.7,145511.0
2023-06-02 14:15:15,394.59,145512.0
2023-06-02 14:15:15,394.59,145512.0
2023-06-02 14:15:15,394.59,145512.0
2023-06-02 14:15:15,394.67,145512.0
2023-06-02 14:15:15,394.67,145514.0
2023-06-02 14:15:16,394.67,145514.0
2023-06-02 14:15:16,394.64,145514.0
2023-06-02 14:15:16,394.64,145516.0
2023-06-02 14:15:16,394.64,145516.0
2023-06-02 14:15:16,394.64,145516.0
2023-06-02 14:15:16,394.63,145517.0
2023-06-02 14:15:16,394.63,145517.0
2023-06-02 14:15:17,394.62,145517.0
2023-06-02 14:15:17,394.62,145518.0
2023-06-02 14:15:17,394.62,145518.0
2023-06-02 14:15:17,394.685,145518.0
2023-06-02 14:15:17,394.68,145520.0
2023-06-02 14:15:18,394.68,145520.0
2023-06-02 14:15:18,394.68,145521.0
2023-06-02 14:15:18,394.68,145521.0
2023-06-02 14:15:18,394.68,145521.0
2023-06-02 14:15:18,394.68,145522.0
2023-06-02 14:15:18,394.68,145522.0
2023-06-02 14:15:19,394.74,145522.0
2023-06-02 14:15:19,394.74,145523.0
2023-06-02 14:15:19,394.74,145523.0
2023-06-02 14:15:19,394.63,145523.0
2023-06-02 14:15:19,394.63,145526.0
2023-06-02 14:15:20,394.63,145526.0
2023-06-02 14:15:20,394.65,145526.0
2023-06-02 14:15:20,394.65,145527.0
2023-06-02 14:15:20,394.585,145527.0
2023-06-02 14:15:20,394.585,145527.0
2023-06-02 14:15:20,394.58,145528.0
2023-06-02 14:15:20,394.58,145528.0
2023-06-02 14:15:20,394.58,145528.0
2023-06-02 14:15:21,394.69,145528.0
2023-06-02 14:15:21,394.69,145529.0
2023-06-02 14:15:21,394.69,145529.0
2023-06-02 14:15:21,394.69,145529.0
2023-06-02 14:15:21,394.68,145529.0
2023-06-02 14:15:21,394.68,145532.0
2023-06-02 14:15:22,394.64,145533.0
2023-06-02 14:15:22,394.64,145533.0
2023-06-02 14:15:22,394.56,145533.0
2023-06-02 14:15:22,394.56,145535.0
2023-06-02 14:15:23,394.56,145535.0
2023-06-02 14:15:23,394.56,145535.0
2023-06-02 14:15:23,394.57,145536.0
2023-06-02 14:15:23,394.685,145536.0
2023-06-02 14:15:23,394.71,145536.0
2023-06-02 14:15:23,394.71,145537.0
2023-06-02 14:15:23,394.71,145537.0
2023-06-02 14:15:24,394.665,146182.0
2023-06-02 14:15:24,394.75,146182.0
2023-06-02 14:15:24,394.75,146182.0
2023-06-02 14:15:24,394.75,146182.0
2023-06-02 14:15:24,394.71500000000003,146182.0
2023-06-02 14:15:24,394.685,146187.0
2023-06-02 14:15:25,394.685,146187.0
2023-06-02 14:15:25,394.75,146187.0
2023-06-02 14:15:25,394.75,146188.0
2023-06-02 14:15:25,394.74,146190.0
2023-06-02 14:15:26,394.74,146190.0
2023-06-02 14:15:26,394.74,146190.0
2023-06-02 14:15:26,394.66,146190.0
2023-06-02 14:15:26,394.66,146193.0
2023-06-02 14:15:26,394.8,146193.0
2023-06-02 14:15:26,394.8,146194.0
2023-06-02 14:15:27,394.8,146194.0
2023-06-02 14:15:27,394.72,146194.0
2023-06-02 14:15:27,394.72,146195.0
2023-06-02 14:15:27,394.72,146195.0
2023-06-02 14:15:27,394.72,146195.0
2023-06-02 14:15:28,394.72,146195.0
2023-06-02 14:15:28,394.72,146195.0
2023-06-02 14:15:28,394.71,146195.0
2023-06-02 14:15:28,394.71,146198.0
2023-06-02 14:15:28,394.71,146198.0
2023-06-02 14:15:28,394.72,146199.0
2023-06-02 14:15:29,394.72,146199.0
2023-06-02 14:15:29,394.77,146199.0
2023-06-02 14:15:29,394.95500000000004,146200.0
2023-06-02 14:15:29,395.065,146200.0
2023-06-02 14:15:29,395.065,146200.0
2023-06-02 14:15:29,395.03,146200.0
2023-06-02 14:15:29,395.03,146201.0
2023-06-02 14:15:30,395.03,146201.0
2023-06-02 14:15:30,395.0,146201.0
2023-06-02 14:15:30,395.0,146202.0
2023-06-02 14:15:30,395.0,146202.0
2023-06-02 14:15:30,395.0,146202.0
2023-06-02 14:15:30,395.03,146203.0
2023-06-02 14:15:30,395.03,146203.0
2023-06-02 14:15:31,395.03,146203.0
2023-06-02 14:15:31,395.05,146203.0
2023-06-02 14:15:31,395.05,146205.0
2023-06-02 14:15:31,395.05,146205.0
2023-06-02 14:15:31,395.1,146205.0
2023-06-02 14:15:31,395.1,146209.0
2023-06-02 14:15:32,395.1,146209.0
2023-06-02 14:15:32,395.05,146209.0
2023-06-02 14:15:32,395.05,146211.0
2023-06-02 14:15:32,395.05,146211.0
2023-06-02 14:15:32,395.05,146221.0
2023-06-02 14:15:33,395.05,146221.0
2023-06-02 14:15:33,395.05,146221.0
2023-06-02 14:15:33,395.04,146222.0
2023-06-02 14:15:33,395.04,146222.0
2023-06-02 14:15:33,395.03,146222.0
2023-06-02 14:15:33,395.03,146223.0
2023-06-02 14:15:33,395.03,146223.0
2023-06-02 14:15:34,394.98,146224.0
2023-06-02 14:15:34,394.98,146224.0
2023-06-02 14:15:34,394.98,146224.0
2023-06-02 14:15:34,394.98,146224.0
2023-06-02 14:15:34,394.98,146224.0
2023-06-02 14:15:34,395.05,146225.0
2023-06-02 14:15:35,395.05,146225.0
2023-06-02 14:15:35,395.05,146225.0
2023-06-02 14:15:35,395.05,146225.0
2023-06-02 14:15:35,395.0,146226.0
2023-06-02 14:15:35,395.155,146226.0
2023-06-02 14:15:35,395.155,146226.0
2023-06-02 14:15:35,395.13,146226.0
2023-06-02 14:15:35,395.13,146227.0
2023-06-02 14:15:36,395.23,146227.0
2023-06-02 14:15:36,395.17999999999995,146228.0
2023-06-02 14:15:36,395.16,146231.0
2023-06-02 14:15:37,395.16,146231.0
2023-06-02 14:15:37,395.08,146231.0
2023-06-02 14:15:37,395.08,146236.0
2023-06-02 14:15:37,395.08,146236.0
2023-06-02 14:15:37,395.1,146237.0
2023-06-02 14:15:38,395.1,146237.0
2023-06-02 14:15:38,395.14,146237.0
2023-06-02 14:15:38,395.14,146239.0
2023-06-02 14:15:38,395.19,146239.0
2023-06-02 14:15:38,395.19,146240.0
2023-06-02 14:15:38,395.19,146240.0
2023-06-02 14:15:39,395.25,146240.0
2023-06-02 14:15:39,395.2,146241.0
2023-06-02 14:15:39,395.2,146241.0
2023-06-02 14:15:39,395.25,146241.0
2023-06-02 14:15:39,395.25,146242.0
2023-06-02 14:15:40,395.25,146242.0
2023-06-02 14:15:40,395.25,146242.0
2023-06-02 14:15:40,395.27,146243.0
2023-06-02 14:15:41,395.35,146243.0
2023-06-02 14:15:41,395.35,146244.0
2023-06-02 14:15:41,395.35,146244.0
2023-06-02 14:15:41,395.34,146254.0
2023-06-02 14:15:41,395.34,146254.0
2023-06-02 14:15:41,395.34,146254.0
2023-06-02 14:15:42,395.36,146254.0
2023-06-02 14:15:42,395.36,146255.0
2023-06-02 14:15:42,395.36,146255.0
2023-06-02 14:15:42,395.36,146255.0
2023-06-02 14:15:42,395.36,146255.0
2023-06-02 14:15:42,395.36,146255.0
2023-06-02 14:15:42,395.36,146256.0
2023-06-02 14:15:42,395.36,146256.0
2023-06-02 14:15:42,395.36,146256.0
2023-06-02 14:15:42,395.36,146256.0
2023-06-02 14:15:42,395.36,146257.0
2023-06-02 14:15:42,395.405,146257.0
2023-06-02 14:15:43,395.405,146257.0
2023-06-02 14:15:43,395.405,146257.0
2023-06-02 14:15:43,395.43,146258.0
2023-06-02 14:15:43,395.43,146258.0
2023-06-02 14:15:43,395.46,146258.0
2023-06-02 14:15:43,395.46,146260.0
2023-06-02 14:15:44,395.46,146260.0
2023-06-02 14:15:44,395.46,146260.0
2023-06-02 14:15:44,395.49,146260.0
2023-06-02 14:15:44,395.49,146264.0
2023-06-02 14:15:44,395.49,146264.0
2023-06-02 14:15:44,395.5,146264.0
2023-06-02 14:15:44,395.5,146266.0
2023-06-02 14:15:45,395.5,146266.0
2023-06-02 14:15:45,395.5,146266.0
2023-06-02 14:15:45,395.5,146266.0
2023-06-02 14:15:45,395.5,146267.0
2023-06-02 14:15:45,395.5,146267.0
2023-06-02 14:15:45,395.5,146267.0
2023-06-02 14:15:45,395.49,146267.0
2023-06-02 14:15:45,395.49,146268.0
2023-06-02 14:15:46,395.49,146268.0
2023-06-02 14:15:46,395.49,146268.0
2023-06-02 14:15:46,395.55,146268.0
2023-06-02 14:15:46,395.55,146273.0
2023-06-02 14:15:46,395.6,146275.0
2023-06-02 14:15:47,395.53999999999996,146275.0
2023-06-02 14:15:47,395.53999999999996,146275.0
2023-06-02 14:15:47,395.53999999999996,146275.0
2023-06-02 14:15:47,395.43,146276.0
2023-06-02 14:15:47,395.43,146276.0
2023-06-02 14:15:47,395.43,146276.0
2023-06-02 14:15:47,395.4,146276.0
2023-06-02 14:15:47,395.4,146277.0
2023-06-02 14:15:48,395.4,146277.0
2023-06-02 14:15:48,395.4,146277.0
2023-06-02 14:15:48,395.45,146277.0
2023-06-02 14:15:48,395.45,146278.0
2023-06-02 14:15:48,395.455,146278.0
2023-06-02 14:15:48,395.455,146280.0
2023-06-02 14:15:48,395.37,146280.0
2023-06-02 14:15:49,395.37,146280.0
2023-06-02 14:15:49,395.26,146281.0
2023-06-02 14:15:49,395.21,146281.0
2023-06-02 14:15:49,395.26,146281.0
2023-06-02 14:15:49,395.26,146282.0
2023-06-02 14:15:49,395.26,146282.0
2023-06-02 14:15:50,395.26,146282.0
2023-06-02 14:15:50,395.26,146282.0
2023-06-02 14:15:50,395.2,146282.0
2023-06-02 14:15:50,395.2,146283.0
2023-06-02 14:15:50,395.2,146283.0
2023-06-02 14:15:51,395.2,146283.0
2023-06-02 14:15:51,395.2,146283.0
2023-06-02 14:15:51,395.2,146284.0
2023-06-02 14:15:51,395.2,146284.0
2023-06-02 14:15:51,395.16,146284.0
2023-06-02 14:15:51,395.16,146285.0
2023-06-02 14:15:51,395.23,146285.0
2023-06-02 14:15:52,395.2,146285.0
2023-06-02 14:15:52,395.2,146286.0
2023-06-02 14:15:52,395.2,146286.0
2023-06-02 14:15:52,395.2,146286.0
2023-06-02 14:15:52,395.2,146286.0
2023-06-02 14:15:52,395.21,146286.0
2023-06-02 14:15:52,395.21,146288.0
2023-06-02 14:15:52,395.21,146288.0
2023-06-02 14:15:53,395.29,146289.0
2023-06-02 14:15:53,395.29,146289.0
2023-06-02 14:15:53,395.29,146289.0
2023-06-02 14:15:53,395.24,146289.0
2023-06-02 14:15:53,395.24,146290.0
2023-06-02 14:15:54,395.24,146290.0
2023-06-02 14:15:54,395.24,147286.0
2023-06-02 14:15:54,395.24,147286.0
2023-06-02 14:15:54,395.27,147286.0
2023-06-02 14:15:54,395.24,147286.0
2023-06-02 14:15:54,395.24,147288.0
2023-06-02 14:15:55,395.24,147288.0
2023-06-02 14:15:55,395.24,147288.0
2023-06-02 14:15:55,395.27,147288.0
2023-06-02 14:15:55,395.27,147293.0
2023-06-02 14:15:55,395.27,147293.0
2023-06-02 14:15:56,395.29,147294.0
2023-06-02 14:15:56,395.29,147294.0
2023-06-02 14:15:56,395.29,147294.0
2023-06-02 14:15:56,395.35,147294.0
2023-06-02 14:15:56,395.35,147295.0
2023-06-02 14:15:56,395.35,147295.0
2023-06-02 14:15:56,395.37,147295.0
2023-06-02 14:15:56,395.37,147297.0
2023-06-02 14:15:57,395.275,147297.0
2023-06-02 14:15:57,395.275,147297.0
2023-06-02 14:15:57,395.28,147297.0
2023-06-02 14:15:57,395.28,147298.0
2023-06-02 14:15:57,395.28,147298.0
2023-06-02 14:15:58,395.34,147298.0
2023-06-02 14:15:58,395.34,147299.0
2023-06-02 14:15:58,395.34,147299.0
2023-06-02 14:15:58,395.34,147299.0
2023-06-02 14:15:58,395.34,147299.0
2023-06-02 14:15:58,395.41,147300.0
2023-06-02 14:15:58,395.41,147300.0
2023-06-02 14:15:58,395.42,147300.0
2023-06-02 14:15:58,395.42,147301.0
2023-06-02 14:15:59,395.42,147301.0
2023-06-02 14:15:59,395.42,147301.0
2023-06-02 14:15:59,395.42,147301.0
2023-06-02 14:15:59,395.37,147323.0
2023-06-02 14:15:59,395.37,147323.0
2023-06-02 14:16:00,395.39,147323.0
2023-06-02 14:16:00,395.39,147325.0
2023-06-02 14:16:00,395.39,147325.0
2023-06-02 14:16:00,395.39,147325.0
2023-06-02 14:16:00,395.39,147325.0
2023-06-02 14:16:00,395.39,147325.0
2023-06-02 14:16:00,395.31,147326.0
2023-06-02 14:16:00,395.31,147326.0
2023-06-02 14:16:01,395.31,147326.0
2023-06-02 14:16:01,395.345,147326.0
2023-06-02 14:16:01,395.17499999999995,147327.0
2023-06-02 14:16:01,395.24,147327.0
2023-06-02 14:16:01,395.21,147351.0
2023-06-02 14:16:01,395.21,147351.0
2023-06-02 14:16:01,395.27,147351.0
2023-06-02 14:16:01,395.27,147356.0
2023-06-02 14:16:02,395.27,147356.0
2023-06-02 14:16:02,395.27,147356.0
2023-06-02 14:16:02,395.32,147356.0
2023-06-02 14:16:02,395.32,147396.0
2023-06-02 14:16:02,395.32,147396.0
2023-06-02 14:16:02,395.32,147396.0
2023-06-02 14:16:02,395.49,147396.0
2023-06-02 14:16:02,395.49,147398.0
2023-06-02 14:16:03,395.49,147398.0
2023-06-02 14:16:03,395.49,147398.0
2023-06-02 14:16:03,395.51,147398.0
2023-06-02 14:16:03,395.51,147402.0
2023-06-02 14:16:03,395.51,147402.0
2023-06-02 14:16:03,395.51,147402.0
2023-06-02 14:16:03,395.37,147402.0
2023-06-02 14:16:03,395.37,147407.0
2023-06-02 14:16:04,395.37,147407.0
2023-06-02 14:16:04,395.43,147408.0
2023-06-02 14:16:04,395.43,147408.0
2023-06-02 14:16:04,395.44,147408.0
2023-06-02 14:16:04,395.54,147411.0
2023-06-02 14:16:05,395.65,147411.0
2023-06-02 14:16:05,395.65,147411.0
2023-06-02 14:16:05,395.69,147411.0
2023-06-02 14:16:05,395.69,147413.0
2023-06-02 14:16:05,395.69,147413.0
2023-06-02 14:16:06,395.69,147413.0
2023-06-02 14:16:06,395.69,147413.0
2023-06-02 14:16:06,395.68,147414.0
2023-06-02 14:16:06,395.68,147414.0
2023-06-02 14:16:06,395.68,147414.0
2023-06-02 14:16:06,395.65,147417.0
2023-06-02 14:16:06,395.65,147417.0
2023-06-02 14:16:07,395.65,147417.0
2023-06-02 14:16:07,395.65,147425.0
2023-06-02 14:16:07,395.65,147425.0
2023-06-02 14:16:07,395.65,147425.0
2023-06-02 14:16:07,395.61,147425.0
2023-06-02 14:16:07,395.61,147426.0
2023-06-02 14:16:07,395.61,147426.0
2023-06-02 14:16:07,395.61,147426.0
2023-06-02 14:16:07,395.55,147426.0
2023-06-02 14:16:07,395.55,147427.0
2023-06-02 14:16:08,395.55,147427.0
2023-06-02 14:16:08,395.52,147430.0
2023-06-02 14:16:08,395.52,147430.0
2023-06-02 14:16:09,395.47,147436.0
2023-06-02 14:16:09,395.47,147436.0
2023-06-02 14:16:09,395.55,147439.0
2023-06-02 14:16:09,395.55,147439.0
2023-06-02 14:16:10,395.49,147444.0
2023-06-02 14:16:10,395.395,147444.0
2023-06-02 14:16:10,395.395,147444.0
2023-06-02 14:16:10,395.44,147444.0
2023-06-02 14:16:10,395.44,147445.0
2023-06-02 14:16:11,395.44,147445.0
2023-06-02 14:16:11,395.45,147446.0
2023-06-02 14:16:11,395.45,147446.0
2023-06-02 14:16:11,395.52,147447.0
2023-06-02 14:16:11,395.52,147447.0
2023-06-02 14:16:12,395.55,147447.0
2023-06-02 14:16:12,395.55,147448.0
2023-06-02 14:16:12,395.55,147448.0
2023-06-02 14:16:12,395.55,147448.0
2023-06-02 14:16:12,395.54,147448.0
2023-06-02 14:16:12,395.45,147449.0
2023-06-02 14:16:12,395.38,147449.0
2023-06-02 14:16:13,395.38,147449.0
2023-06-02 14:16:13,395.38,147449.0
2023-06-02 14:16:13,395.33,147450.0
2023-06-02 14:16:13,395.33,147450.0
2023-06-02 14:16:13,395.32,147450.0
2023-06-02 14:16:13,395.32,147453.0
2023-06-02 14:16:14,395.32,147453.0
2023-06-02 14:16:14,395.32,147453.0
2023-06-02 14:16:14,395.33,147453.0
2023-06-02 14:16:14,395.33,147455.0
2023-06-02 14:16:14,395.33,147455.0
2023-06-02 14:16:14,395.29,147455.0
2023-06-02 14:16:14,395.29,147456.0
2023-06-02 14:16:15,395.245,147456.0
2023-06-02 14:16:15,395.245,147456.0
2023-06-02 14:16:15,395.245,147456.0
2023-06-02 14:16:15,395.25,147459.0
2023-06-02 14:16:15,395.25,147459.0
2023-06-02 14:16:15,395.3,147459.0
2023-06-02 14:16:15,395.3,147460.0
2023-06-02 14:16:15,395.3,147460.0
2023-06-02 14:16:16,395.3,147460.0
2023-06-02 14:16:16,395.3,147460.0
2023-06-02 14:16:16,395.33,147460.0
2023-06-02 14:16:16,395.33,147461.0
2023-06-02 14:16:16,395.33,147461.0
2023-06-02 14:16:16,395.33,147461.0
2023-06-02 14:16:16,395.37,147471.0
2023-06-02 14:16:17,395.335,147471.0
2023-06-02 14:16:17,395.33,147471.0
2023-06-02 14:16:17,395.33,147472.0
2023-06-02 14:16:17,395.33,147472.0
2023-06-02 14:16:17,395.33,147472.0
2023-06-02 14:16:18,395.33,147472.0
2023-06-02 14:16:18,395.33,147472.0
2023-06-02 14:16:18,395.33,147477.0
2023-06-02 14:16:18,395.33,147477.0
2023-06-02 14:16:18,395.33,147477.0
2023-06-02 14:16:18,395.33,147477.0
2023-06-02 14:16:18,395.32,147477.0
2023-06-02 14:16:18,395.32,147478.0
2023-06-02 14:16:18,395.32,147478.0
2023-06-02 14:16:18,395.32,147478.0
2023-06-02 14:16:19,395.32,147478.0
2023-06-02 14:16:19,395.41,147479.0
2023-06-02 14:16:19,395.41,147479.0
2023-06-02 14:16:20,395.41,147479.0
2023-06-02 14:16:20,395.33,147479.0
2023-06-02 14:16:20,395.33,147480.0
2023-06-02 14:16:20,395.33,147480.0
2023-06-02 14:16:20,395.33,147480.0
2023-06-02 14:16:20,395.33,147480.0
2023-06-02 14:16:20,395.33,147481.0
2023-06-02 14:16:21,395.44,147481.0
2023-06-02 14:16:21,395.44,147481.0
2023-06-02 14:16:21,395.4,147481.0
2023-06-02 14:16:21,395.4,147482.0
2023-06-02 14:16:21,395.4,147482.0
2023-06-02 14:16:21,395.4,147482.0
2023-06-02 14:16:21,395.4,147482.0
2023-06-02 14:16:21,395.39,147483.0
2023-06-02 14:16:21,395.39,147483.0
2023-06-02 14:16:22,395.35,147486.0
2023-06-02 14:16:22,395.4,147486.0
2023-06-02 14:16:22,395.4,147491.0
2023-06-02 14:16:22,395.4,147491.0
2023-06-02 14:16:22,395.4,147491.0
2023-06-02 14:16:23,395.34,147492.0
2023-06-02 14:16:23,395.34,147492.0
2023-06-02 14:16:23,395.34,147493.0
2023-06-02 14:16:23,395.34,147493.0
2023-06-02 14:16:24,395.34,147493.0
2023-06-02 14:16:24,395.36,147493.0
2023-06-02 14:16:24,395.36,147494.0
2023-06-02 14:16:24,395.36,148286.0
2023-06-02 14:16:24,395.29,148288.0
2023-06-02 14:16:24,395.29,148288.0
2023-06-02 14:16:25,395.29,148298.0
2023-06-02 14:16:25,395.325,148298.0
2023-06-02 14:16:25,395.365,148298.0
2023-06-02 14:16:25,395.365,148298.0
2023-06-02 14:16:25,395.32,148298.0
2023-06-02 14:16:25,395.32,148299.0
2023-06-02 14:16:26,395.32,148299.0
2023-06-02 14:16:26,395.32,148299.0
2023-06-02 14:16:26,395.32,148299.0
2023-06-02 14:16:26,395.34,148300.0
2023-06-02 14:16:26,395.34,148301.0
2023-06-02 14:16:27,395.34,148301.0
2023-06-02 14:16:27,395.34,148301.0
2023-06-02 14:16:27,395.34,148302.0
2023-06-02 14:16:28,395.36,148303.0
2023-06-02 14:16:28,395.36,148303.0
2023-06-02 14:16:28,395.3,148303.0
2023-06-02 14:16:28,395.3,148313.0
2023-06-02 14:16:28,395.3,148313.0
2023-06-02 14:16:28,395.25,148313.0
2023-06-02 14:16:28,395.25,148315.0
2023-06-02 14:16:28,395.25,148315.0
2023-06-02 14:16:29,395.175,148315.0
2023-06-02 14:16:29,395.175,148315.0
2023-06-02 14:16:29,395.17,148315.0
2023-06-02 14:16:29,395.17,148320.0
2023-06-02 14:16:29,395.24,148320.0
2023-06-02 14:16:29,395.24,148321.0
2023-06-02 14:16:29,395.24,148321.0
2023-06-02 14:16:30,395.24,148321.0
2023-06-02 14:16:30,395.24,148321.0
2023-06-02 14:16:30,395.14,148321.0
2023-06-02 14:16:30,395.14,148324.0
2023-06-02 14:16:31,395.14,148324.0
2023-06-02 14:16:31,395.25,148324.0
2023-06-02 14:16:31,395.25,148325.0
2023-06-02 14:16:31,395.12,148325.0
2023-06-02 14:16:31,395.125,148325.0
2023-06-02 14:16:31,395.125,148325.0
2023-06-02 14:16:31,395.02,148325.0
2023-06-02 14:16:31,395.02,148327.0
2023-06-02 14:16:32,395.08,148327.0
2023-06-02 14:16:32,395.08,148334.0
2023-06-02 14:16:32,395.08,148334.0
2023-06-02 14:16:32,395.08,148334.0
2023-06-02 14:16:32,395.06,148334.0
2023-06-02 14:16:32,395.06,148336.0
2023-06-02 14:16:32,395.06,148336.0
2023-06-02 14:16:33,395.13,148336.0
2023-06-02 14:16:33,395.13,148337.0
2023-06-02 14:16:33,395.13,148337.0
2023-06-02 14:16:33,395.05,148338.0
2023-06-02 14:16:34,395.05,148338.0
2023-06-02 14:16:34,395.05,148340.0
2023-06-02 14:16:34,395.05,148340.0
2023-06-02 14:16:34,395.05,148340.0
2023-06-02 14:16:34,395.05,148340.0
2023-06-02 14:16:34,395.05,148340.0
2023-06-02 14:16:34,395.03,148341.0
2023-06-02 14:16:35,395.03,148341.0
2023-06-02 14:16:35,395.03,148341.0
2023-06-02 14:16:35,395.06,148343.0
2023-06-02 14:16:35,395.2,148343.0
2023-06-02 14:16:35,395.2,148343.0
2023-06-02 14:16:35,395.24,148343.0
2023-06-02 14:16:35,395.24,148344.0
2023-06-02 14:16:36,395.24,148344.0
2023-06-02 14:16:36,395.24,148344.0
2023-06-02 14:16:36,395.24,148344.0
2023-06-02 14:16:36,395.27,148345.0
2023-06-02 14:16:36,395.27,148345.0
2023-06-02 14:16:37,395.27,148345.0
2023-06-02 14:16:37,395.3,148345.0
2023-06-02 14:16:37,395.3,148347.0
2023-06-02 14:16:37,395.15999999999997,148347.0
2023-06-02 14:16:37,395.2,148348.0
2023-06-02 14:16:38,395.2,148348.0
2023-06-02 14:16:38,395.2,148348.0
2023-06-02 14:16:38,395.12,148348.0
2023-06-02 14:16:38,395.12,148349.0
2023-06-02 14:16:38,395.14,148349.0
2023-06-02 14:16:38,395.14,148350.0
2023-06-02 14:16:38,395.14,148350.0
2023-06-02 14:16:39,395.12,148350.0
2023-06-02 14:16:39,395.12,148351.0
2023-06-02 14:16:39,395.12,148351.0
2023-06-02 14:16:39,395.15,148353.0
2023-06-02 14:16:40,395.11,148354.0
2023-06-02 14:16:40,395.11,148354.0
2023-06-02 14:16:41,395.06,148354.0
2023-06-02 14:16:41,395.06,148364.0
2023-06-02 14:16:41,395.15999999999997,148364.0
2023-06-02 14:16:41,395.145,148364.0
2023-06-02 14:16:41,395.145,148364.0
2023-06-02 14:16:41,395.16,148364.0
2023-06-02 14:16:41,395.16,148366.0
2023-06-02 14:16:41,395.29499999999996,148366.0
2023-06-02 14:16:42,395.3,148366.0
2023-06-02 14:16:42,395.3,148368.0
2023-06-02 14:16:42,395.395,148368.0
2023-06-02 14:16:42,395.395,148368.0
2023-06-02 14:16:42,395.395,148368.0
2023-06-02 14:16:42,395.5,148369.0
2023-06-02 14:16:42,395.5,148369.0
2023-06-02 14:16:42,395.5,148369.0
2023-06-02 14:16:42,395.5,148370.0
2023-06-02 14:16:42,395.5,148370.0
2023-06-02 14:16:43,395.35,148371.0
2023-06-02 14:16:43,395.35,148371.0
2023-06-02 14:16:43,395.35,148371.0
2023-06-02 14:16:43,395.35,148373.0
2023-06-02 14:16:44,395.35,148373.0
2023-06-02 14:16:44,395.35,148373.0
2023-06-02 14:16:44,395.42,148373.0
2023-06-02 14:16:44,395.42,148376.0
2023-06-02 14:16:45,395.42,148376.0
2023-06-02 14:16:45,395.41,148376.0
2023-06-02 14:16:45,395.41,148377.0
2023-06-02 14:16:45,395.41,148377.0
2023-06-02 14:16:45,395.41,148377.0
2023-06-02 14:16:45,395.33,148379.0
2023-06-02 14:16:45,395.33,148379.0
2023-06-02 14:16:46,395.51,148384.0
2023-06-02 14:16:46,395.51,148384.0
2023-06-02 14:16:46,395.51,148384.0
2023-06-02 14:16:46,395.42,148384.0
2023-06-02 14:16:46,395.42,148385.0
2023-06-02 14:16:46,395.42,148385.0
2023-06-02 14:16:46,395.42,148386.0
2023-06-02 14:16:47,395.42,148386.0
2023-06-02 14:16:47,395.42,148386.0
2023-06-02 14:16:47,395.42,148386.0
2023-06-02 14:16:47,395.42,148391.0
2023-06-02 14:16:47,395.42,148391.0
2023-06-02 14:16:48,395.42,148391.0
2023-06-02 14:16:48,395.445,148391.0
2023-06-02 14:16:48,395.54,148392.0
2023-06-02 14:16:48,395.54,148392.0
2023-06-02 14:16:48,395.54,148392.0
2023-06-02 14:16:48,395.47,148392.0
2023-06-02 14:16:48,395.47,148393.0
2023-06-02 14:16:48,395.47,148393.0
2023-06-02 14:16:49,395.47,148393.0
2023-06-02 14:16:49,395.43,148393.0
2023-06-02 14:16:49,395.43,148394.0
2023-06-02 14:16:49,395.43,148394.0
2023-06-02 14:16:49,395.53,148395.0
2023-06-02 14:16:50,395.44500000000005,148397.0
2023-06-02 14:16:50,395.44500000000005,148397.0
2023-06-02 14:16:50,395.45,148397.0
2023-06-02 14:16:50,395.45,148412.0
2023-06-02 14:16:51,395.365,148412.0
2023-06-02 14:16:51,395.36,148412.0
2023-06-02 14:16:51,395.36,148413.0
2023-06-02 14:16:51,395.36,148413.0
2023-06-02 14:16:51,395.41,148413.0
2023-06-02 14:16:51,395.41,148414.0
2023-06-02 14:16:51,395.33500000000004,148414.0
2023-06-02 14:16:52,395.37,148414.0
2023-06-02 14:16:52,395.37,148415.0
2023-06-02 14:16:52,395.37,148415.0
2023-06-02 14:16:52,395.37,148415.0
2023-06-02 14:16:52,395.32,148415.0
2023-06-02 14:16:52,395.32,148416.0
2023-06-02 14:16:52,395.32,148416.0
2023-06-02 14:16:53,395.32,148416.0
2023-06-02 14:16:53,395.3,148416.0
2023-06-02 14:16:53,395.3,148417.0
2023-06-02 14:16:53,395.39,148417.0
2023-06-02 14:16:53,395.39,148418.0
2023-06-02 14:16:53,395.39,148418.0
2023-06-02 14:16:54,395.39,149213.0
2023-06-02 14:16:54,395.39,149213.0
2023-06-02 14:16:54,395.34,149213.0
2023-06-02 14:16:54,395.34,149213.0
2023-06-02 14:16:55,395.34,149213.0
2023-06-02 14:16:55,395.33,149213.0
2023-06-02 14:16:55,395.33,149216.0
2023-06-02 14:16:55,395.33,149216.0
2023-06-02 14:16:55,395.35,149217.0
2023-06-02 14:16:56,395.3,149218.0
2023-06-02 14:16:56,395.3,149218.0
2023-06-02 14:16:56,395.27,149218.0
2023-06-02 14:16:56,395.40999999999997,149222.0
2023-06-02 14:16:57,395.41,149222.0
2023-06-02 14:16:57,395.41,149224.0
2023-06-02 14:16:57,395.41,149224.0
2023-06-02 14:16:57,395.41,149224.0
2023-06-02 14:16:57,395.41,149225.0
2023-06-02 14:16:57,395.41,149225.0
2023-06-02 14:16:58,395.41999999999996,149226.0
2023-06-02 14:16:58,395.41999999999996,149226.0
2023-06-02 14:16:58,395.41999999999996,149226.0
2023-06-02 14:16:58,395.37,149227.0
2023-06-02 14:16:58,395.37,149227.0
2023-06-02 14:16:58,395.3,149227.0
2023-06-02 14:16:58,395.3,149228.0
2023-06-02 14:16:59,395.3,149228.0
2023-06-02 14:16:59,395.3,149228.0
2023-06-02 14:16:59,395.28,149228.0
2023-06-02 14:16:59,395.28,149229.0
2023-06-02 14:17:00,395.21,149231.0
2023-06-02 14:17:00,395.21,149231.0
2023-06-02 14:17:00,395.21,149231.0
2023-06-02 14:17:00,395.2,149232.0
2023-06-02 14:17:01,395.2,149232.0
2023-06-02 14:17:01,395.2,149232.0
2023-06-02 14:17:01,395.28,149241.0
2023-06-02 14:17:01,395.28,149250.0
2023-06-02 14:17:01,395.28,149250.0
2023-06-02 14:17:02,395.19,149250.0
2023-06-02 14:17:02,395.19,149250.0
2023-06-02 14:17:02,395.19,149250.0
2023-06-02 14:17:02,395.18,149251.0
2023-06-02 14:17:02,395.18,149251.0
2023-06-02 14:17:02,395.22,149251.0
2023-06-02 14:17:02,395.22,149252.0
2023-06-02 14:17:03,395.22,149252.0
2023-06-02 14:17:03,395.19,149252.0
2023-06-02 14:17:03,395.28,149253.0
2023-06-02 14:17:03,395.28,149253.0
2023-06-02 14:17:03,395.26,149253.0
2023-06-02 14:17:03,395.26,149256.0
2023-06-02 14:17:03,395.26,149256.0
2023-06-02 14:17:03,395.325,149256.0
2023-06-02 14:17:04,395.325,149256.0
2023-06-02 14:17:04,395.33,149257.0
2023-06-02 14:17:04,395.33,149257.0
2023-06-02 14:17:04,395.28,149257.0
2023-06-02 14:17:04,395.28,149258.0
2023-06-02 14:17:05,395.28,149258.0
2023-06-02 14:17:05,395.28,149266.0
2023-06-02 14:17:05,395.5,149266.0
2023-06-02 14:17:05,395.5,149266.0
2023-06-02 14:17:05,395.5,149266.0
2023-06-02 14:17:05,395.56,149267.0
2023-06-02 14:17:06,395.59000000000003,149267.0
2023-06-02 14:17:06,395.59000000000003,149267.0
2023-06-02 14:17:06,395.6,149267.0
2023-06-02 14:17:06,395.6,149268.0
2023-06-02 14:17:06,395.6,149268.0
2023-06-02 14:17:06,395.58,149269.0
2023-06-02 14:17:06,395.58,149269.0
2023-06-02 14:17:07,395.58,149269.0
2023-06-02 14:17:07,395.6,149269.0
2023-06-02 14:17:07,395.6,149271.0
2023-06-02 14:17:07,395.54999999999995,149271.0
2023-06-02 14:17:07,395.54999999999995,149271.0
2023-06-02 14:17:07,395.55,149271.0
2023-06-02 14:17:07,395.55,149272.0
2023-06-02 14:17:08,395.55,149272.0
2023-06-02 14:17:08,395.55,149272.0
2023-06-02 14:17:08,395.55,149272.0
2023-06-02 14:17:08,395.6,149273.0
2023-06-02 14:17:08,395.55,149273.0
2023-06-02 14:17:08,395.55,149274.0
2023-06-02 14:17:08,395.55,149274.0
2023-06-02 14:17:09,395.55,149274.0
2023-06-02 14:17:09,395.57,149274.0
2023-06-02 14:17:09,395.57,149275.0
2023-06-02 14:17:09,395.57,149275.0
2023-06-02 14:17:09,395.56,149275.0
2023-06-02 14:17:09,395.56,149277.0
2023-06-02 14:17:10,395.58500000000004,149277.0
2023-06-02 14:17:10,395.56,149278.0
2023-06-02 14:17:11,395.56,149278.0
2023-06-02 14:17:11,395.58,149278.0
2023-06-02 14:17:11,395.58,149279.0
2023-06-02 14:17:11,395.58,149279.0
2023-06-02 14:17:11,395.58,149279.0
2023-06-02 14:17:11,395.58,149279.0
2023-06-02 14:17:11,395.56,149281.0
2023-06-02 14:17:12,395.6,149282.0
2023-06-02 14:17:12,395.6,149282.0
2023-06-02 14:17:12,395.51,149282.0
2023-06-02 14:17:12,395.51,149284.0
2023-06-02 14:17:12,395.575,149284.0
2023-06-02 14:17:12,395.575,149284.0
2023-06-02 14:17:12,395.59,149285.0
2023-06-02 14:17:13,395.59,149285.0
2023-06-02 14:17:13,395.59,149285.0
2023-06-02 14:17:13,395.6,149285.0
2023-06-02 14:17:13,395.6,149286.0
2023-06-02 14:17:13,395.6,149286.0
2023-06-02 14:17:13,395.6,149286.0
2023-06-02 14:17:13,395.62,149286.0
2023-06-02 14:17:13,395.62,149295.0
2023-06-02 14:17:14,395.645,149295.0
2023-06-02 14:17:14,395.645,149295.0
2023-06-02 14:17:14,395.64,149295.0
2023-06-02 14:17:14,395.67499999999995,149296.0
2023-06-02 14:17:14,395.64,149296.0
2023-06-02 14:17:14,395.64,149296.0
2023-06-02 14:17:14,395.69,149296.0
2023-06-02 14:17:14,395.905,149297.0
2023-06-02 14:17:15,395.95000000000005,149297.0
2023-06-02 14:17:15,395.95000000000005,149297.0
2023-06-02 14:17:15,395.95000000000005,149297.0
2023-06-02 14:17:15,395.98,149298.0
2023-06-02 14:17:15,395.95,149299.0
2023-06-02 14:17:16,395.95,149299.0
2023-06-02 14:17:16,395.95,149299.0
2023-06-02 14:17:16,395.91,149299.0
2023-06-02 14:17:16,395.91,149304.0
2023-06-02 14:17:17,395.91,149304.0
2023-06-02 14:17:17,395.91,149304.0
2023-06-02 14:17:17,395.91,149305.0
2023-06-02 14:17:17,395.91,149305.0
2023-06-02 14:17:17,395.91,149305.0
2023-06-02 14:17:17,395.91,149305.0
2023-06-02 14:17:17,395.885,149306.0
2023-06-02 14:17:17,395.95,149306.0
2023-06-02 14:17:17,395.95,149307.0
2023-06-02 14:17:18,395.71000000000004,149307.0
2023-06-02 14:17:18,395.71000000000004,149307.0
2023-06-02 14:17:18,395.71000000000004,149307.0
2023-06-02 14:17:18,395.725,149308.0
2023-06-02 14:17:18,395.735,149308.0
2023-06-02 14:17:18,395.735,149308.0
2023-06-02 14:17:18,395.735,149309.0
2023-06-02 14:17:18,395.83,149309.0
2023-06-02 14:17:19,395.83,149309.0
2023-06-02 14:17:19,395.83,149309.0
2023-06-02 14:17:19,395.895,149311.0
2023-06-02 14:17:19,395.89,149311.0
2023-06-02 14:17:19,395.89,149313.0
2023-06-02 14:17:19,395.815,149313.0
2023-06-02 14:17:20,395.815,149313.0
2023-06-02 14:17:20,395.81,149313.0
2023-06-02 14:17:20,395.81,149314.0
2023-06-02 14:17:20,395.81,149314.0
2023-06-02 14:17:21,395.91,149314.0
2023-06-02 14:17:21,395.91,149315.0
2023-06-02 14:17:21,395.91,149315.0
2023-06-02 14:17:21,395.8,149315.0
2023-06-02 14:17:21,395.8,149316.0
2023-06-02 14:17:21,395.8,149316.0
2023-06-02 14:17:21,395.8,149316.0
2023-06-02 14:17:21,395.8,149316.0
2023-06-02 14:17:21,395.84,149317.0
2023-06-02 14:17:22,395.82,149320.0
2023-06-02 14:17:22,395.82,149320.0
2023-06-02 14:17:22,395.91,149320.0
2023-06-02 14:17:22,395.91,149323.0
2023-06-02 14:17:22,395.91,149323.0
2023-06-02 14:17:23,395.91,149323.0
2023-06-02 14:17:23,395.91,149323.0
2023-06-02 14:17:23,395.83,149323.0
2023-06-02 14:17:23,395.83,149324.0
2023-06-02 14:17:23,395.83,149324.0
2023-06-02 14:17:23,395.83,149324.0
2023-06-02 14:17:23,395.86,149325.0
2023-06-02 14:17:24,395.86,149325.0
2023-06-02 14:17:24,395.9,149325.0
2023-06-02 14:17:24,395.9,150411.0
2023-06-02 14:17:24,396.06,150411.0
2023-06-02 14:17:24,396.11,150411.0
2023-06-02 14:17:24,396.11,150412.0
2023-06-02 14:17:24,396.11,150412.0
2023-06-02 14:17:25,395.97,150412.0
2023-06-02 14:17:25,395.97,150412.0
2023-06-02 14:17:25,395.97,150412.0
2023-06-02 14:17:25,395.97,150420.0
2023-06-02 14:17:25,395.97,150420.0
2023-06-02 14:17:25,395.97,150422.0
2023-06-02 14:17:25,395.97,150422.0
2023-06-02 14:17:26,395.97,150422.0
2023-06-02 14:17:26,395.9,150422.0
2023-06-02 14:17:26,395.9,150432.0
2023-06-02 14:17:26,395.9,150432.0
2023-06-02 14:17:26,395.9,150447.0
2023-06-02 14:17:27,395.9,150447.0
2023-06-02 14:17:27,396.01,150447.0
2023-06-02 14:17:27,395.89,150449.0
2023-06-02 14:17:27,395.89,150449.0
2023-06-02 14:17:27,395.87,150449.0
2023-06-02 14:17:27,395.87,150450.0
2023-06-02 14:17:27,395.87,150450.0
2023-06-02 14:17:28,395.87,150450.0
2023-06-02 14:17:28,395.87,150450.0
2023-06-02 14:17:28,395.87,150451.0
2023-06-02 14:17:28,395.87,150451.0
2023-06-02 14:17:28,395.87,150451.0
2023-06-02 14:17:29,395.78,150454.0
2023-06-02 14:17:29,395.78,150454.0
2023-06-02 14:17:29,395.78,150454.0
2023-06-02 14:17:29,395.93,150454.0
2023-06-02 14:17:29,395.85,150456.0
2023-06-02 14:17:29,395.83,150456.0
2023-06-02 14:17:29,395.78,150456.0
2023-06-02 14:17:29,395.78,150457.0
2023-06-02 14:17:29,395.78,150457.0
2023-06-02 14:17:30,395.78,150457.0
2023-06-02 14:17:30,395.78,150457.0
2023-06-02 14:17:30,395.8,150457.0
2023-06-02 14:17:30,395.8,150458.0
2023-06-02 14:17:31,395.86,150458.0
2023-06-02 14:17:31,395.86,150463.0
2023-06-02 14:17:31,395.86,150463.0
2023-06-02 14:17:31,395.86,150463.0
2023-06-02 14:17:31,395.86,150463.0
2023-06-02 14:17:31,395.815,150471.0
2023-06-02 14:17:31,395.82,150471.0
2023-06-02 14:17:31,395.82,150476.0
2023-06-02 14:17:32,395.78,150476.0
2023-06-02 14:17:32,395.78,150485.0
2023-06-02 14:17:32,395.78,150485.0
2023-06-02 14:17:32,395.82500000000005,150485.0
2023-06-02 14:17:33,395.85,150488.0
2023-06-02 14:17:33,395.915,150488.0
2023-06-02 14:17:33,395.915,150488.0
2023-06-02 14:17:33,395.915,150488.0
2023-06-02 14:17:33,395.93,150489.0
2023-06-02 14:17:33,395.93,150489.0
2023-06-02 14:17:34,395.93,150489.0
2023-06-02 14:17:34,395.94,150489.0
2023-06-02 14:17:34,395.94,150490.0
2023-06-02 14:17:34,395.94,150490.0
2023-06-02 14:17:34,395.92,150490.0
2023-06-02 14:17:34,395.92,150500.0
2023-06-02 14:17:35,395.95000000000005,150500.0
2023-06-02 14:17:35,395.95000000000005,150500.0
2023-06-02 14:17:35,395.95,150501.0
2023-06-02 14:17:35,395.95,150501.0
2023-06-02 14:17:35,395.95,150506.0
2023-06-02 14:17:35,395.855,150506.0
2023-06-02 14:17:36,395.855,150506.0
2023-06-02 14:17:36,395.855,150506.0
2023-06-02 14:17:36,395.86,150507.0
2023-06-02 14:17:36,395.86,150507.0
2023-06-02 14:17:37,395.9,150508.0
2023-06-02 14:17:37,395.9,150508.0
2023-06-02 14:17:37,395.9,150508.0
2023-06-02 14:17:37,395.89,150509.0
2023-06-02 14:17:37,395.89,150509.0
2023-06-02 14:17:37,395.89,150511.0
2023-06-02 14:17:38,395.91,150512.0
2023-06-02 14:17:38,395.91,150512.0
2023-06-02 14:17:39,395.91,150512.0
2023-06-02 14:17:39,395.8,150512.0
2023-06-02 14:17:39,395.8,150513.0
2023-06-02 14:17:39,395.92,150513.0
2023-06-02 14:17:39,395.92,150514.0
2023-06-02 14:17:39,395.83,150514.0
2023-06-02 14:17:39,395.845,150514.0
2023-06-02 14:17:40,395.88,150515.0
2023-06-02 14:17:40,395.88,150515.0
2023-06-02 14:17:40,395.86,150515.0
2023-06-02 14:17:40,395.86,150525.0
2023-06-02 14:17:41,395.86,150525.0
2023-06-02 14:17:41,395.92,150525.0
2023-06-02 14:17:41,395.92,150532.0
2023-06-02 14:17:41,395.92,150532.0
2023-06-02 14:17:41,395.92,150532.0
2023-06-02 14:17:41,395.9,150532.0
2023-06-02 14:17:41,395.9,150533.0
2023-06-02 14:17:41,395.9,150533.0
2023-06-02 14:17:42,395.9,150533.0
2023-06-02 14:17:42,395.95,150533.0
2023-06-02 14:17:42,395.95,150543.0
2023-06-02 14:17:42,395.95,150543.0
2023-06-02 14:17:42,395.91,150543.0
2023-06-02 14:17:42,395.91,150544.0
2023-06-02 14:17:42,395.91,150544.0
2023-06-02 14:17:43,395.91,150544.0
2023-06-02 14:17:43,395.95,150544.0
2023-06-02 14:17:43,395.95,150547.0
2023-06-02 14:17:43,395.95,150547.0
2023-06-02 14:17:43,395.95,150547.0
2023-06-02 14:17:43,395.95,150547.0
2023-06-02 14:17:43,395.94,150547.0
2023-06-02 14:17:43,395.94,150549.0
2023-06-02 14:17:44,395.9,150549.0
2023-06-02 14:17:44,395.9,150574.0
2023-06-02 14:17:44,396.08500000000004,150574.0
2023-06-02 14:17:44,396.08500000000004,150574.0
2023-06-02 14:17:44,396.08,150575.0
2023-06-02 14:17:44,396.08,150575.0
2023-06-02 14:17:45,396.08,150575.0
2023-06-02 14:17:45,396.08,150575.0
2023-06-02 14:17:45,396.02,150575.0
2023-06-02 14:17:45,396.02,150576.0
2023-06-02 14:17:45,396.02,150576.0
2023-06-02 14:17:45,396.02,150576.0
2023-06-02 14:17:45,396.0,150576.0
2023-06-02 14:17:45,396.0,150581.0
2023-06-02 14:17:46,395.97,150581.0
2023-06-02 14:17:46,395.97,150582.0
2023-06-02 14:17:46,395.97,150582.0
2023-06-02 14:17:46,395.97,150582.0
2023-06-02 14:17:46,396.0,150583.0
2023-06-02 14:17:47,395.94,150583.0
2023-06-02 14:17:47,395.94,150584.0
2023-06-02 14:17:47,395.94,150584.0
2023-06-02 14:17:47,395.94,150584.0
2023-06-02 14:17:47,395.94,150584.0
2023-06-02 14:17:47,396.1,150586.0
2023-06-02 14:17:48,396.1,150586.0
2023-06-02 14:17:48,396.1,150586.0
2023-06-02 14:17:48,396.0,150588.0
2023-06-02 14:17:48,395.9,150588.0
2023-06-02 14:17:48,395.95,150588.0
2023-06-02 14:17:48,395.95,150589.0
2023-06-02 14:17:49,395.95,150589.0
2023-06-02 14:17:49,395.92,150589.0
2023-06-02 14:17:49,395.92,150592.0
2023-06-02 14:17:49,395.89,150592.0
2023-06-02 14:17:49,395.89,150594.0
2023-06-02 14:17:49,395.89,150594.0
2023-06-02 14:17:50,395.91,150594.0
2023-06-02 14:17:50,395.91,150601.0
2023-06-02 14:17:50,395.84000000000003,150601.0
2023-06-02 14:17:50,395.84000000000003,150601.0
2023-06-02 14:17:50,395.84000000000003,150601.0
2023-06-02 14:17:50,395.84,150602.0
2023-06-02 14:17:51,395.84,150602.0
2023-06-02 14:17:51,395.84,150602.0
2023-06-02 14:17:51,395.81,150605.0
2023-06-02 14:17:51,395.81,150605.0
2023-06-02 14:17:51,395.81,150606.0
2023-06-02 14:17:51,395.81,150606.0
2023-06-02 14:17:52,395.73,150607.0
2023-06-02 14:17:52,395.69,150607.0
2023-06-02 14:17:52,395.69,150608.0
2023-06-02 14:17:52,395.69,150608.0
2023-06-02 14:17:53,395.71,150610.0
2023-06-02 14:17:53,395.69,150610.0
2023-06-02 14:17:53,395.69,150611.0
2023-06-02 14:17:53,395.57,150611.0
2023-06-02 14:17:53,395.53,150611.0
2023-06-02 14:17:54,395.56,150611.0
2023-06-02 14:17:54,395.56,150612.0
2023-06-02 14:17:54,395.56,150612.0
2023-06-02 14:17:54,395.56,151666.0
2023-06-02 14:17:54,395.56,151666.0
2023-06-02 14:17:54,395.64,151666.0
2023-06-02 14:17:54,395.64,151667.0
2023-06-02 14:17:55,395.64,151667.0
2023-06-02 14:17:55,395.64,151667.0
2023-06-02 14:17:55,395.64,151667.0
2023-06-02 14:17:55,395.67,151667.0
2023-06-02 14:17:55,395.67,151707.0
2023-06-02 14:17:56,395.67,151707.0
2023-06-02 14:17:56,395.67,151707.0
2023-06-02 14:17:56,395.61,151708.0
2023-06-02 14:17:56,395.61,151708.0
2023-06-02 14:17:57,395.61,151708.0
2023-06-02 14:17:57,395.55,151708.0
2023-06-02 14:17:57,395.55,151709.0
2023-06-02 14:17:57,395.55,151709.0
2023-06-02 14:17:57,395.55,151709.0
2023-06-02 14:17:57,395.55,151709.0
2023-06-02 14:17:57,395.51,151710.0
2023-06-02 14:17:58,395.51,151710.0
2023-06-02 14:17:58,395.58,151710.0
2023-06-02 14:17:58,395.58,151711.0
2023-06-02 14:17:58,395.385,151711.0
2023-06-02 14:17:58,395.385,151711.0
2023-06-02 14:17:58,395.34,151711.0
2023-06-02 14:17:58,395.34,151712.0
2023-06-02 14:17:59,395.34,151712.0
2023-06-02 14:17:59,395.38,151717.0
2023-06-02 14:17:59,395.545,151717.0
2023-06-02 14:17:59,395.545,151717.0
2023-06-02 14:17:59,395.545,151717.0
2023-06-02 14:17:59,395.49,151718.0
2023-06-02 14:18:00,395.49,151718.0
2023-06-02 14:18:00,395.49,151718.0
2023-06-02 14:18:00,395.57,151718.0
2023-06-02 14:18:00,395.57,151719.0
2023-06-02 14:18:00,395.57,151719.0
2023-06-02 14:18:00,395.58,151719.0
2023-06-02 14:18:00,395.58,151720.0
2023-06-02 14:18:01,395.625,151720.0
2023-06-02 14:18:01,395.59,151720.0
2023-06-02 14:18:01,395.59,151727.0
2023-06-02 14:18:01,395.59,151727.0
2023-06-02 14:18:01,395.59,151727.0
2023-06-02 14:18:01,395.6,151727.0
2023-06-02 14:18:01,395.6,151729.0
2023-06-02 14:18:02,395.41,151729.0
2023-06-02 14:18:02,395.46,151730.0
2023-06-02 14:18:02,395.46,151730.0
2023-06-02 14:18:02,395.46,151730.0
2023-06-02 14:18:02,395.42,151731.0
2023-06-02 14:18:03,395.42,151731.0
2023-06-02 14:18:03,395.45,151731.0
2023-06-02 14:18:03,395.45,151732.0
2023-06-02 14:18:03,395.45,151732.0
2023-06-02 14:18:03,395.45,151732.0
2023-06-02 14:18:03,395.45,151732.0
2023-06-02 14:18:03,395.4,151732.0
2023-06-02 14:18:03,395.4,151734.0
2023-06-02 14:18:04,395.4,151734.0
2023-06-02 14:18:04,395.5,151735.0
2023-06-02 14:18:04,395.5,151735.0
2023-06-02 14:18:04,395.5,151735.0
2023-06-02 14:18:04,395.5,151741.0
2023-06-02 14:18:05,395.35,151741.0
2023-06-02 14:18:05,395.29,151741.0
2023-06-02 14:18:05,395.29,151747.0
2023-06-02 14:18:05,395.29,151747.0
2023-06-02 14:18:05,395.29,151747.0
2023-06-02 14:18:05,395.3,151747.0
2023-06-02 14:18:05,395.3,151748.0
2023-06-02 14:18:06,395.3,151748.0
2023-06-02 14:18:06,395.27,151748.0
2023-06-02 14:18:06,395.27,151749.0
2023-06-02 14:18:06,395.27,151749.0
2023-06-02 14:18:06,395.27,151749.0
2023-06-02 14:18:06,395.35,151750.0
2023-06-02 14:18:07,395.35,151751.0
2023-06-02 14:18:07,395.35,151751.0
2023-06-02 14:18:07,395.35,151751.0
2023-06-02 14:18:07,395.35,151751.0
2023-06-02 14:18:07,395.46,151752.0
2023-06-02 14:18:08,395.47,151752.0
2023-06-02 14:18:08,395.42,151752.0
2023-06-02 14:18:08,395.42,151753.0
2023-06-02 14:18:08,395.475,151753.0
2023-06-02 14:18:08,395.54,151753.0
2023-06-02 14:18:08,395.54,151753.0
2023-06-02 14:18:08,395.54,151753.0
2023-06-02 14:18:08,395.525,151754.0
2023-06-02 14:18:09,395.53,151754.0
2023-06-02 14:18:09,395.53,151754.0
2023-06-02 14:18:09,395.53,151757.0
2023-06-02 14:18:09,395.53,151757.0
2023-06-02 14:18:09,395.53,151757.0
2023-06-02 14:18:09,395.53,151757.0
2023-06-02 14:18:09,395.53,151759.0
2023-06-02 14:18:10,395.53,151759.0
2023-06-02 14:18:10,395.5,151760.0
2023-06-02 14:18:10,395.5,151760.0
2023-06-02 14:18:10,395.49,151760.0
2023-06-02 14:18:10,395.39,151765.0
2023-06-02 14:18:11,395.355,151765.0
2023-06-02 14:18:11,395.355,151765.0
2023-06-02 14:18:11,395.355,151766.0
2023-06-02 14:18:11,395.315,151766.0
2023-06-02 14:18:11,395.4,151766.0
2023-06-02 14:18:11,395.46500000000003,151767.0
2023-06-02 14:18:12,395.35,151767.0
2023-06-02 14:18:12,395.35,151767.0
2023-06-02 14:18:12,395.47,151767.0
2023-06-02 14:18:12,395.47,151768.0
2023-06-02 14:18:12,395.47,151768.0
2023-06-02 14:18:12,395.47,151768.0
2023-06-02 14:18:12,395.44,151768.0
2023-06-02 14:18:12,395.44,151773.0
2023-06-02 14:18:13,395.47,151783.0
2023-06-02 14:18:13,395.47,151783.0
2023-06-02 14:18:13,395.47,151785.0
2023-06-02 14:18:13,395.67,151785.0
2023-06-02 14:18:14,395.65999999999997,151785.0
2023-06-02 14:18:14,395.65999999999997,151785.0
2023-06-02 14:18:14,395.67,151785.0
2023-06-02 14:18:14,395.67,151786.0
2023-06-02 14:18:14,395.67,151786.0
2023-06-02 14:18:14,395.67,151786.0
2023-06-02 14:18:14,395.67,151786.0
2023-06-02 14:18:14,395.67,151788.0
2023-06-02 14:18:15,395.57,151788.0
2023-06-02 14:18:15,395.57,151788.0
2023-06-02 14:18:15,395.57,151791.0
2023-06-02 14:18:15,395.54499999999996,151791.0
2023-06-02 14:18:15,395.53,151794.0
2023-06-02 14:18:16,395.55,151794.0
2023-06-02 14:18:16,395.55,151795.0
2023-06-02 14:18:16,395.55,151795.0
2023-06-02 14:18:16,395.55,151795.0
2023-06-02 14:18:16,395.46,151795.0
2023-06-02 14:18:16,395.46,151797.0
2023-06-02 14:18:17,395.56,151797.0
2023-06-02 14:18:17,395.56,151799.0
2023-06-02 14:18:17,395.56,151799.0
2023-06-02 14:18:17,395.56,151799.0
2023-06-02 14:18:17,395.65,151800.0
2023-06-02 14:18:18,395.65,151800.0
2023-06-02 14:18:18,395.65,151800.0
2023-06-02 14:18:18,395.65,151800.0
2023-06-02 14:18:18,395.58,151801.0
2023-06-02 14:18:18,395.58,151801.0
2023-06-02 14:18:18,395.64,151801.0
2023-06-02 14:18:18,395.64,151802.0
2023-06-02 14:18:19,395.65,151802.0
2023-06-02 14:18:19,395.65,151803.0
2023-06-02 14:18:19,395.65,151803.0
2023-06-02 14:18:19,395.525,151803.0
2023-06-02 14:18:19,395.525,151803.0
2023-06-02 14:18:19,395.52,151803.0
2023-06-02 14:18:19,395.52,151807.0
2023-06-02 14:18:20,395.52,151807.0
2023-06-02 14:18:20,395.46,151808.0
2023-06-02 14:18:20,395.56,151808.0
2023-06-02 14:18:20,395.56,151809.0
2023-06-02 14:18:20,395.56,151809.0
2023-06-02 14:18:21,395.56,151809.0
2023-06-02 14:18:21,395.54,151809.0
2023-06-02 14:18:21,395.54,151812.0
2023-06-02 14:18:22,395.62,151812.0
2023-06-02 14:18:22,395.62,151813.0
2023-06-02 14:18:22,395.62,151813.0
2023-06-02 14:18:22,395.62,151813.0
2023-06-02 14:18:23,395.62,151813.0
2023-06-02 14:18:23,395.56,151813.0
2023-06-02 14:18:23,395.56,151815.0
2023-06-02 14:18:23,395.56,151815.0
2023-06-02 14:18:23,395.56,151815.0
2023-06-02 14:18:23,395.65,151815.0
2023-06-02 14:18:23,395.65,151816.0
2023-06-02 14:18:23,395.65,151816.0
2023-06-02 14:18:24,395.64,151816.0
2023-06-02 14:18:24,395.64,151817.0
2023-06-02 14:18:24,395.72,152256.0
2023-06-02 14:18:24,395.72,152256.0
2023-06-02 14:18:25,395.66,152257.0
2023-06-02 14:18:25,395.66,152257.0
2023-06-02 14:18:25,395.73,152257.0
2023-06-02 14:18:25,395.73,152258.0
2023-06-02 14:18:25,395.73,152258.0
2023-06-02 14:18:26,395.73,152258.0
2023-06-02 14:18:26,395.81,152258.0
2023-06-02 14:18:26,395.81,152262.0
2023-06-02 14:18:26,395.81,152262.0
2023-06-02 14:18:26,395.81,152262.0
2023-06-02 14:18:26,395.81,152262.0
2023-06-02 14:18:26,395.81,152262.0
2023-06-02 14:18:26,395.78,152263.0
2023-06-02 14:18:27,395.8,152263.0
2023-06-02 14:18:27,395.8,152264.0
2023-06-02 14:18:27,395.8,152264.0
2023-06-02 14:18:27,395.8,152264.0
2023-06-02 14:18:27,395.79,152264.0
2023-06-02 14:18:27,395.79,152266.0
2023-06-02 14:18:27,395.79,152266.0
2023-06-02 14:18:28,395.8,152266.0
2023-06-02 14:18:28,395.8,152267.0
2023-06-02 14:18:28,395.8,152267.0
2023-06-02 14:18:28,395.8,152267.0
2023-06-02 14:18:28,395.8,152267.0
2023-06-02 14:18:28,395.82,152267.0
2023-06-02 14:18:28,395.82,152269.0
2023-06-02 14:18:29,395.76,152269.0
2023-06-02 14:18:29,395.76,152271.0
2023-06-02 14:18:29,395.76,152271.0
2023-06-02 14:18:29,395.88,152271.0
2023-06-02 14:18:29,395.88,152273.0
2023-06-02 14:18:29,395.88,152273.0
2023-06-02 14:18:30,395.87,152273.0
2023-06-02 14:18:30,395.87,152274.0
2023-06-02 14:18:30,395.87,152274.0
2023-06-02 14:18:30,395.87,152274.0
2023-06-02 14:18:30,395.905,152274.0
2023-06-02 14:18:30,396.01,152275.0
2023-06-02 14:18:30,396.01,152275.0
2023-06-02 14:18:31,396.01,152275.0
2023-06-02 14:18:31,396.07,152275.0
2023-06-02 14:18:31,396.07,152276.0
2023-06-02 14:18:31,396.07,152276.0
2023-06-02 14:18:31,396.04,152277.0
2023-06-02 14:18:31,396.04,152277.0
2023-06-02 14:18:32,396.04,152277.0
2023-06-02 14:18:32,395.83,152280.0
2023-06-02 14:18:32,395.83,152280.0
2023-06-02 14:18:32,395.83,152280.0
2023-06-02 14:18:32,395.78,152280.0
2023-06-02 14:18:32,395.78,152281.0
2023-06-02 14:18:32,395.78,152281.0
2023-06-02 14:18:33,395.77,152281.0
2023-06-02 14:18:33,395.77,152284.0
2023-06-02 14:18:33,395.9,152284.0
2023-06-02 14:18:33,395.9,152284.0
2023-06-02 14:18:33,395.9,152284.0
2023-06-02 14:18:33,395.9,152285.0
2023-06-02 14:18:33,395.9,152285.0
2023-06-02 14:18:34,395.94,152287.0
2023-06-02 14:18:34,395.94,152287.0
2023-06-02 14:18:34,395.94,152289.0
2023-06-02 14:18:34,395.94,152289.0
2023-06-02 14:18:34,395.84000000000003,152289.0
2023-06-02 14:18:35,395.84000000000003,152289.0
2023-06-02 14:18:35,395.84000000000003,152289.0
2023-06-02 14:18:35,395.9,152291.0
2023-06-02 14:18:35,395.9,152291.0
2023-06-02 14:18:35,395.9,152291.0
2023-06-02 14:18:35,395.76,152291.0
2023-06-02 14:18:35,395.76,152292.0
2023-06-02 14:18:36,395.76,152292.0
2023-06-02 14:18:36,395.76,152292.0
2023-06-02 14:18:36,395.76,152292.0
2023-06-02 14:18:36,395.81,152294.0
2023-06-02 14:18:36,395.81,152294.0
2023-06-02 14:18:36,395.77,152299.0
2023-06-02 14:18:37,395.77,152299.0
2023-06-02 14:18:37,395.77,152299.0
2023-06-02 14:18:37,395.77,152299.0
2023-06-02 14:18:37,395.77,152300.0
2023-06-02 14:18:37,395.83,152301.0
2023-06-02 14:18:38,395.945,152301.0
2023-06-02 14:18:38,395.945,152301.0
2023-06-02 14:18:38,395.945,152301.0
2023-06-02 14:18:38,395.89,152302.0
2023-06-02 14:18:38,395.89,152303.0
2023-06-02 14:18:38,395.89,152303.0
2023-06-02 14:18:39,395.89,152303.0
2023-06-02 14:18:39,395.89,152303.0
2023-06-02 14:18:39,395.9,152303.0
2023-06-02 14:18:39,395.9,152305.0
2023-06-02 14:18:40,395.89,152305.0
2023-06-02 14:18:40,395.89,152306.0
2023-06-02 14:18:40,395.89,152306.0
2023-06-02 14:18:40,395.89,152306.0
2023-06-02 14:18:40,395.89,152307.0
2023-06-02 14:18:40,395.89,152307.0
2023-06-02 14:18:41,395.89,152307.0
2023-06-02 14:18:41,395.93,152307.0
2023-06-02 14:18:41,395.93,152308.0
2023-06-02 14:18:41,395.88,152308.0
2023-06-02 14:18:41,395.88,152309.0
2023-06-02 14:18:41,395.88,152309.0
2023-06-02 14:18:42,395.83,152309.0
2023-06-02 14:18:42,395.83,152310.0
2023-06-02 14:18:42,395.83,152310.0
2023-06-02 14:18:42,395.83,152310.0
2023-06-02 14:18:42,395.83,152310.0
2023-06-02 14:18:42,395.83,152310.0
2023-06-02 14:18:42,395.77,152311.0
2023-06-02 14:18:42,395.77,152311.0
2023-06-02 14:18:43,395.77,152311.0
2023-06-02 14:18:43,395.83,152311.0
2023-06-02 14:18:43,395.83,152312.0
2023-06-02 14:18:43,395.83,152312.0
2023-06-02 14:18:43,395.84,152312.0
2023-06-02 14:18:43,395.84,152314.0
2023-06-02 14:18:43,395.84,152314.0
2023-06-02 14:18:44,395.84,152314.0
2023-06-02 14:18:44,395.85,152314.0
2023-06-02 14:18:44,395.85,152315.0
2023-06-02 14:18:44,395.85,152315.0
2023-06-02 14:18:44,395.85,152315.0
2023-06-02 14:18:44,395.85,152316.0
2023-06-02 14:18:44,395.85,152316.0
2023-06-02 14:18:44,395.85,152316.0
2023-06-02 14:18:45,395.85,152316.0
2023-06-02 14:18:45,395.87,152316.0
2023-06-02 14:18:45,395.87,152317.0
2023-06-02 14:18:45,395.87,152317.0
2023-06-02 14:18:46,395.87,152317.0
2023-06-02 14:18:46,395.87,152317.0
2023-06-02 14:18:46,395.81,152321.0
2023-06-02 14:18:47,395.84,152322.0
2023-06-02 14:18:47,395.84,152322.0
2023-06-02 14:18:47,395.84,152322.0
2023-06-02 14:18:47,395.91,152324.0
2023-06-02 14:18:47,395.91,152324.0
2023-06-02 14:18:48,395.91,152324.0
2023-06-02 14:18:48,395.91,152324.0
2023-06-02 14:18:48,395.91,152330.0
2023-06-02 14:18:48,395.91,152330.0
2023-06-02 14:18:48,395.87,152332.0
2023-06-02 14:18:48,395.925,152332.0
2023-06-02 14:18:49,395.97,152332.0
2023-06-02 14:18:49,395.97,152335.0
2023-06-02 14:18:49,396.075,152335.0
2023-06-02 14:18:49,396.075,152335.0
2023-06-02 14:18:49,396.0,152335.0
2023-06-02 14:18:49,396.0,152336.0
2023-06-02 14:18:49,396.0,152336.0
2023-06-02 14:18:50,396.04,152337.0
2023-06-02 14:18:50,396.04,152337.0
2023-06-02 14:18:50,396.04,152337.0
2023-06-02 14:18:50,396.04,152337.0
2023-06-02 14:18:50,396.02,152337.0
2023-06-02 14:18:50,396.02,152347.0
2023-06-02 14:18:50,396.05999999999995,152347.0
2023-06-02 14:18:51,396.06,152347.0
2023-06-02 14:18:51,396.06,152350.0
2023-06-02 14:18:51,396.06,152350.0
2023-06-02 14:18:51,396.06,152350.0
2023-06-02 14:18:51,396.14,152350.0
2023-06-02 14:18:51,396.14,152370.0
2023-06-02 14:18:52,396.1,152370.0
2023-06-02 14:18:52,396.1,152371.0
2023-06-02 14:18:52,396.1,152371.0
2023-06-02 14:18:52,396.1,152371.0
2023-06-02 14:18:52,396.12,152371.0
2023-06-02 14:18:52,396.12,152372.0
2023-06-02 14:18:52,396.12,152372.0
2023-06-02 14:18:53,396.08,152372.0
2023-06-02 14:18:53,396.08,152373.0
2023-06-02 14:18:53,396.08,152373.0
2023-06-02 14:18:53,396.11,152373.0
2023-06-02 14:18:53,396.11,152374.0
2023-06-02 14:18:53,396.11,152374.0
2023-06-02 14:18:54,396.11,152374.0
2023-06-02 14:18:54,396.11,152379.0
2023-06-02 14:18:54,396.11,153006.0
2023-06-02 14:18:54,396.11,153006.0
2023-06-02 14:18:54,396.07,153006.0
2023-06-02 14:18:54,396.07,153016.0
2023-06-02 14:18:55,396.07,153016.0
2023-06-02 14:18:55,396.09,153016.0
2023-06-02 14:18:55,396.09,153017.0
2023-06-02 14:18:55,396.09,153017.0
2023-06-02 14:18:55,396.09,153017.0
2023-06-02 14:18:55,396.09,153020.0
2023-06-02 14:18:55,396.09,153020.0
2023-06-02 14:18:56,396.06,153020.0
2023-06-02 14:18:56,396.06,153025.0
2023-06-02 14:18:56,395.95500000000004,153025.0
2023-06-02 14:18:56,395.95500000000004,153025.0
2023-06-02 14:18:56,395.95,153025.0
2023-06-02 14:18:56,395.855,153028.0
2023-06-02 14:18:56,395.95,153028.0
2023-06-02 14:18:57,395.8,153028.0
2023-06-02 14:18:57,395.8,153029.0
2023-06-02 14:18:57,395.8,153029.0
2023-06-02 14:18:57,395.8,153029.0
2023-06-02 14:18:57,395.8,153029.0
2023-06-02 14:18:57,395.86,153029.0
2023-06-02 14:18:57,395.86,153038.0
2023-06-02 14:18:58,395.82,153038.0
2023-06-02 14:18:58,395.82,153048.0
2023-06-02 14:18:58,395.82,153048.0
2023-06-02 14:18:58,395.93,153049.0
2023-06-02 14:18:59,395.93,153052.0
2023-06-02 14:18:59,395.93,153052.0
2023-06-02 14:18:59,395.87,153052.0
2023-06-02 14:18:59,395.87,153053.0
2023-06-02 14:19:00,395.87,153053.0
2023-06-02 14:19:00,395.87,153070.0
2023-06-02 14:19:00,395.87,153070.0
2023-06-02 14:19:00,395.87,153070.0
2023-06-02 14:19:00,395.87,153070.0
2023-06-02 14:19:00,395.87,153070.0
2023-06-02 14:19:00,395.93,153071.0
2023-06-02 14:19:00,395.93,153071.0
2023-06-02 14:19:01,395.93,153071.0
2023-06-02 14:19:01,395.98,153071.0
2023-06-02 14:19:01,396.085,153073.0
2023-06-02 14:19:01,396.065,153073.0
2023-06-02 14:19:01,396.065,153073.0
2023-06-02 14:19:01,396.06,153073.0
2023-06-02 14:19:01,396.06,153083.0
2023-06-02 14:19:01,396.06,153083.0
2023-06-02 14:19:02,396.06,153083.0
2023-06-02 14:19:02,396.0,153083.0
2023-06-02 14:19:02,396.0,153084.0
2023-06-02 14:19:02,396.01,153087.0
2023-06-02 14:19:02,396.01,153087.0
2023-06-02 14:19:03,396.05,153087.0
2023-06-02 14:19:03,396.05,153092.0
2023-06-02 14:19:03,396.05,153092.0
2023-06-02 14:19:03,396.05,153092.0
2023-06-02 14:19:03,396.05,153092.0
2023-06-02 14:19:03,396.04,153093.0
2023-06-02 14:19:03,396.04,153093.0
2023-06-02 14:19:03,396.04,153093.0
2023-06-02 14:19:04,396.02,153093.0
2023-06-02 14:19:04,396.02,153094.0
2023-06-02 14:19:04,396.02,153094.0
2023-06-02 14:19:04,396.13,153094.0
2023-06-02 14:19:04,396.03499999999997,153095.0
2023-06-02 14:19:05,396.11,153096.0
2023-06-02 14:19:05,396.11,153096.0
2023-06-02 14:19:05,396.12,153097.0
2023-06-02 14:19:05,396.12,153097.0
2023-06-02 14:19:06,396.04,153097.0
2023-06-02 14:19:06,396.04,153098.0
2023-06-02 14:19:06,396.04,153098.0
2023-06-02 14:19:06,396.04,153098.0
2023-06-02 14:19:06,396.04,153098.0
2023-06-02 14:19:06,396.04,153098.0
2023-06-02 14:19:06,396.1,153099.0
2023-06-02 14:19:07,396.1,153099.0
2023-06-02 14:19:07,396.08,153099.0
2023-06-02 14:19:07,396.08,153102.0
2023-06-02 14:19:07,396.08,153102.0
2023-06-02 14:19:07,396.08,153102.0
2023-06-02 14:19:07,396.07,153102.0
2023-06-02 14:19:07,396.07,153112.0
2023-06-02 14:19:08,396.02,153112.0
2023-06-02 14:19:08,396.02,153113.0
2023-06-02 14:19:08,396.02,153113.0
2023-06-02 14:19:08,396.11,153113.0
2023-06-02 14:19:08,396.11,153113.0
2023-06-02 14:19:08,396.11,153113.0
2023-06-02 14:19:08,396.1,153115.0
2023-06-02 14:19:08,396.1,153115.0
2023-06-02 14:19:09,396.1,153115.0
2023-06-02 14:19:09,396.1,153115.0
2023-06-02 14:19:09,396.1,153120.0
2023-06-02 14:19:09,396.17499999999995,153120.0
2023-06-02 14:19:09,396.17499999999995,153120.0
2023-06-02 14:19:09,396.17499999999995,153120.0
2023-06-02 14:19:09,396.19,153121.0
2023-06-02 14:19:10,396.19,153121.0
2023-06-02 14:19:10,396.17,153121.0
2023-06-02 14:19:10,396.17,153122.0
2023-06-02 14:19:10,396.17,153122.0
2023-06-02 14:19:10,396.19,153122.0
2023-06-02 14:19:10,396.19,153123.0
2023-06-02 14:19:10,396.19,153123.0
2023-06-02 14:19:11,396.2,153123.0
2023-06-02 14:19:11,396.2,153124.0
2023-06-02 14:19:11,396.2,153124.0
2023-06-02 14:19:11,396.2,153124.0
2023-06-02 14:19:11,396.2,153124.0
2023-06-02 14:19:11,396.11,153124.0
2023-06-02 14:19:11,396.11,153127.0
2023-06-02 14:19:12,396.16,153127.0
2023-06-02 14:19:12,396.16,153128.0
2023-06-02 14:19:12,396.16,153128.0
2023-06-02 14:19:12,396.16,153128.0
2023-06-02 14:19:12,396.16,153128.0
2023-06-02 14:19:12,396.09,153128.0
2023-06-02 14:19:12,396.09,153129.0
2023-06-02 14:19:13,396.14,153129.0
2023-06-02 14:19:13,396.14,153133.0
2023-06-02 14:19:13,396.14,153133.0
2023-06-02 14:19:13,396.11,153133.0
2023-06-02 14:19:13,396.11,153141.0
2023-06-02 14:19:13,396.11,153141.0
2023-06-02 14:19:14,396.11,153141.0
2023-06-02 14:19:14,396.11,153150.0
2023-06-02 14:19:14,396.11,153150.0
2023-06-02 14:19:14,396.11,153150.0
2023-06-02 14:19:14,396.11,153150.0
2023-06-02 14:19:14,396.11,153150.0
2023-06-02 14:19:14,396.15,153151.0
2023-06-02 14:19:15,396.15,153151.0
2023-06-02 14:19:15,396.11,153151.0
2023-06-02 14:19:15,396.11,153153.0
2023-06-02 14:19:15,396.11,153153.0
2023-06-02 14:19:15,396.11,153153.0
2023-06-02 14:19:15,396.0,153154.0
2023-06-02 14:19:15,396.0,153154.0
2023-06-02 14:19:16,396.02,153154.0
2023-06-02 14:19:16,396.02,153156.0
2023-06-02 14:19:16,396.02,153156.0
2023-06-02 14:19:16,396.03,153158.0
2023-06-02 14:19:16,396.03,153158.0
2023-06-02 14:19:16,395.96,153158.0
2023-06-02 14:19:17,395.96,153158.0
2023-06-02 14:19:17,395.99,153158.0
2023-06-02 14:19:17,395.99,153159.0
2023-06-02 14:19:17,395.99,153159.0
2023-06-02 14:19:17,395.99,153159.0
2023-06-02 14:19:17,395.99,153159.0
2023-06-02 14:19:17,395.87,153160.0
2023-06-02 14:19:17,395.87,153160.0
2023-06-02 14:19:18,395.87,153160.0
2023-06-02 14:19:18,395.9,153160.0
2023-06-02 14:19:18,395.9,153161.0
2023-06-02 14:19:18,395.9,153161.0
2023-06-02 14:19:18,395.9,153161.0
2023-06-02 14:19:18,395.9,153161.0
2023-06-02 14:19:18,395.86,153167.0
2023-06-02 14:19:18,395.86,153167.0
2023-06-02 14:19:19,395.87,153167.0
2023-06-02 14:19:19,395.87,153174.0
2023-06-02 14:19:19,395.87,153174.0
2023-06-02 14:19:19,395.87,153174.0
2023-06-02 14:19:19,395.87,153174.0
2023-06-02 14:19:19,395.81,153174.0
2023-06-02 14:19:19,395.81,153175.0
2023-06-02 14:19:19,395.925,153175.0
2023-06-02 14:19:20,395.85,153175.0
2023-06-02 14:19:20,395.85,153177.0
2023-06-02 14:19:20,395.85,153177.0
2023-06-02 14:19:20,395.85,153177.0
2023-06-02 14:19:20,395.92,153177.0
2023-06-02 14:19:20,395.92,153182.0
2023-06-02 14:19:21,395.84,153182.0
2023-06-02 14:19:21,395.84,153184.0
2023-06-02 14:19:21,395.84,153184.0
2023-06-02 14:19:21,395.84,153184.0
2023-06-02 14:19:21,395.92,153184.0
2023-06-02 14:19:21,395.92,153191.0
2023-06-02 14:19:21,395.92,153191.0
2023-06-02 14:19:22,395.92,153191.0
2023-06-02 14:19:22,395.92,153192.0
2023-06-02 14:19:22,395.96,153194.0
2023-06-02 14:19:23,395.96,153194.0
2023-06-02 14:19:23,395.91,153194.0
2023-06-02 14:19:23,395.91,153195.0
2023-06-02 14:19:23,395.91,153195.0
2023-06-02 14:19:23,395.92,153196.0
2023-06-02 14:19:24,395.98,153196.0
2023-06-02 14:19:24,395.98,153197.0
2023-06-02 14:19:24,395.98,153197.0
2023-06-02 14:19:24,395.98,153822.0
2023-06-02 14:19:24,395.92,153823.0
2023-06-02 14:19:25,395.92,153823.0
2023-06-02 14:19:25,395.92,153823.0
2023-06-02 14:19:25,395.92,153823.0
2023-06-02 14:19:25,395.92,153830.0
2023-06-02 14:19:25,395.92,153830.0
2023-06-02 14:19:25,395.97,153830.0
2023-06-02 14:19:25,395.97,153831.0
2023-06-02 14:19:26,395.97,153831.0
2023-06-02 14:19:26,395.97,153831.0
2023-06-02 14:19:26,395.97,153831.0
2023-06-02 14:19:26,396.155,153832.0
2023-06-02 14:19:26,396.1,153832.0
2023-06-02 14:19:27,396.1,153832.0
2023-06-02 14:19:27,396.01,153834.0
2023-06-02 14:19:27,396.01,153834.0
2023-06-02 14:19:27,396.01,153834.0
2023-06-02 14:19:27,396.0,153834.0
2023-06-02 14:19:27,396.0,153835.0
2023-06-02 14:19:27,396.0,153835.0
2023-06-02 14:19:28,395.98,153842.0
2023-06-02 14:19:28,395.98,153842.0
2023-06-02 14:19:28,396.01,153844.0
2023-06-02 14:19:28,396.01,153844.0
2023-06-02 14:19:29,396.01,153844.0
2023-06-02 14:19:29,396.01,153844.0
2023-06-02 14:19:29,396.01,153844.0
2023-06-02 14:19:29,396.04,153845.0
2023-06-02 14:19:29,396.04,153845.0
2023-06-02 14:19:29,396.04,153845.0
2023-06-02 14:19:29,396.12,153845.0
2023-06-02 14:19:29,396.12,153846.0
2023-06-02 14:19:30,396.12,153846.0
2023-06-02 14:19:30,396.05,153846.0
2023-06-02 14:19:30,396.05,153847.0
2023-06-02 14:19:31,396.05,153849.0
2023-06-02 14:19:31,396.05,153849.0
2023-06-02 14:19:31,396.05,153849.0
2023-06-02 14:19:31,396.05,153849.0
2023-06-02 14:19:31,396.0,153850.0
2023-06-02 14:19:31,396.0,153850.0
2023-06-02 14:19:32,396.0,153851.0
2023-06-02 14:19:32,396.0,153851.0
2023-06-02 14:19:32,395.99,153852.0
2023-06-02 14:19:32,395.99,153853.0
2023-06-02 14:19:33,395.99,153853.0
2023-06-02 14:19:33,396.05,153853.0
2023-06-02 14:19:33,396.05,153854.0
2023-06-02 14:19:33,395.985,153854.0
2023-06-02 14:19:33,395.92,153855.0
2023-06-02 14:19:34,395.96,153858.0
2023-06-02 14:19:34,396.0,153860.0
2023-06-02 14:19:35,396.0,153860.0
2023-06-02 14:19:35,396.0,153861.0
2023-06-02 14:19:35,396.13,153861.0
2023-06-02 14:19:35,396.13,153861.0
2023-06-02 14:19:35,396.13,153862.0
2023-06-02 14:19:35,396.13,153862.0
2023-06-02 14:19:36,396.13,153862.0
2023-06-02 14:19:36,396.06,153863.0
2023-06-02 14:19:36,396.06,153863.0
2023-06-02 14:19:37,396.0,153863.0
2023-06-02 14:19:37,396.0,153867.0
2023-06-02 14:19:37,396.0,153867.0
2023-06-02 14:19:37,396.0,153867.0
2023-06-02 14:19:37,396.07,153868.0
2023-06-02 14:19:37,396.0,153877.0
2023-06-02 14:19:38,396.0,153877.0
2023-06-02 14:19:38,396.05,153877.0
2023-06-02 14:19:38,396.05,153878.0
2023-06-02 14:19:39,396.05,153878.0
2023-06-02 14:19:39,396.05,153878.0
2023-06-02 14:19:39,395.97,153879.0
2023-06-02 14:19:39,395.97,153879.0
2023-06-02 14:19:40,395.93,153880.0
2023-06-02 14:19:40,395.93,153880.0
2023-06-02 14:19:40,395.94,153880.0
2023-06-02 14:19:40,396.05,153882.0
2023-06-02 14:19:40,396.065,153882.0
2023-06-02 14:19:41,396.065,153882.0
2023-06-02 14:19:41,396.065,153882.0
2023-06-02 14:19:41,396.115,153883.0
2023-06-02 14:19:41,396.115,153883.0
2023-06-02 14:19:41,396.115,153883.0
2023-06-02 14:19:41,396.11,153884.0
2023-06-02 14:19:41,396.11,153884.0
2023-06-02 14:19:41,396.2,153884.0
2023-06-02 14:19:41,396.2,153885.0
2023-06-02 14:19:41,396.2,153885.0
2023-06-02 14:19:42,396.14,153885.0
2023-06-02 14:19:42,396.14,153920.0
2023-06-02 14:19:42,396.14,153920.0
2023-06-02 14:19:42,396.14,153920.0
2023-06-02 14:19:42,396.14,153920.0
2023-06-02 14:19:42,396.09,153921.0
2023-06-02 14:19:43,396.09,153921.0
2023-06-02 14:19:43,396.09,153921.0
2023-06-02 14:19:43,396.09,153921.0
2023-06-02 14:19:43,396.09,153930.0
2023-06-02 14:19:43,396.09,153930.0
2023-06-02 14:19:43,396.03,153930.0
2023-06-02 14:19:43,396.03,153931.0
2023-06-02 14:19:44,396.03,153931.0
2023-06-02 14:19:44,396.03,153931.0
2023-06-02 14:19:44,396.01,153931.0
2023-06-02 14:19:44,396.01,153932.0
2023-06-02 14:19:45,396.01,153932.0
2023-06-02 14:19:45,396.01,153932.0
2023-06-02 14:19:45,396.09,153932.0
2023-06-02 14:19:45,396.09,153933.0
2023-06-02 14:19:46,396.09,153933.0
2023-06-02 14:19:46,396.07,153933.0
2023-06-02 14:19:46,396.07,153934.0
2023-06-02 14:19:46,396.07,153934.0
2023-06-02 14:19:46,396.07,153934.0
2023-06-02 14:19:46,396.1,153934.0
2023-06-02 14:19:46,396.1,153935.0
2023-06-02 14:19:47,396.08,153935.0
2023-06-02 14:19:47,396.08,153936.0
2023-06-02 14:19:47,396.08,153936.0
2023-06-02 14:19:47,396.03,153936.0
2023-06-02 14:19:47,396.05,153941.0
2023-06-02 14:19:48,396.03,153941.0
2023-06-02 14:19:48,396.03,153942.0
2023-06-02 14:19:48,396.03,153942.0
2023-06-02 14:19:48,396.08,153942.0
2023-06-02 14:19:48,396.07,153943.0
2023-06-02 14:19:48,396.07,153943.0
2023-06-02 14:19:49,396.07,153943.0
2023-06-02 14:19:49,395.97,153943.0
2023-06-02 14:19:49,395.97,153944.0
2023-06-02 14:19:49,395.97,153944.0
2023-06-02 14:19:49,395.97,153944.0
2023-06-02 14:19:49,395.97,153945.0
2023-06-02 14:19:50,395.97,153945.0
2023-06-02 14:19:50,395.93,153946.0
2023-06-02 14:19:50,395.93,153946.0
2023-06-02 14:19:50,395.94,153947.0
2023-06-02 14:19:51,395.94,153947.0
2023-06-02 14:19:51,395.94,153947.0
2023-06-02 14:19:51,395.94,153948.0
2023-06-02 14:19:51,395.94,153948.0
2023-06-02 14:19:51,395.94,153948.0
2023-06-02 14:19:51,395.92,153949.0
2023-06-02 14:19:52,395.92,153949.0
2023-06-02 14:19:52,395.945,153949.0
2023-06-02 14:19:52,396.01,153950.0
2023-06-02 14:19:52,396.01,153950.0
2023-06-02 14:19:52,395.98,153951.0
2023-06-02 14:19:53,395.98,153951.0
2023-06-02 14:19:53,396.04,153951.0
2023-06-02 14:19:53,396.04,153952.0
2023-06-02 14:19:53,396.04,153952.0
2023-06-02 14:19:53,396.05,153952.0
2023-06-02 14:19:53,396.05,153953.0
2023-06-02 14:19:53,396.05,153953.0
2023-06-02 14:19:54,396.05,153954.0
2023-06-02 14:19:54,396.05,154293.0
2023-06-02 14:19:54,396.05,154293.0
2023-06-02 14:19:54,396.06,154293.0
2023-06-02 14:19:54,396.06,154294.0
2023-06-02 14:19:55,396.09,154294.0
2023-06-02 14:19:55,396.09,154296.0
2023-06-02 14:19:55,396.09,154296.0
2023-06-02 14:19:55,396.09,154296.0
2023-06-02 14:19:55,396.04,154296.0
2023-06-02 14:19:55,396.04,154306.0
2023-06-02 14:19:56,396.11,154307.0
2023-06-02 14:19:56,396.11,154307.0
2023-06-02 14:19:56,396.11,154307.0
2023-06-02 14:19:56,396.14,154307.0
2023-06-02 14:19:56,396.14,154308.0
2023-06-02 14:19:57,396.12,154308.0
2023-06-02 14:19:57,396.12,154309.0
2023-06-02 14:19:57,396.12,154309.0
2023-06-02 14:19:57,396.12,154309.0
2023-06-02 14:19:57,396.05,154309.0
2023-06-02 14:19:57,396.05,154311.0
2023-06-02 14:19:58,396.05,154311.0
2023-06-02 14:19:58,396.1,154311.0
2023-06-02 14:19:58,396.1,154312.0
2023-06-02 14:19:58,396.1,154312.0
2023-06-02 14:19:58,396.11,154312.0
2023-06-02 14:19:58,396.11,154313.0
2023-06-02 14:19:59,396.11,154313.0
2023-06-02 14:19:59,396.11,154313.0
2023-06-02 14:19:59,396.16,154313.0
2023-06-02 14:19:59,396.095,154314.0
2023-06-02 14:19:59,396.09000000000003,154314.0
2023-06-02 14:19:59,396.05,154314.0
2023-06-02 14:19:59,396.05,154316.0
2023-06-02 14:20:00,396.135,154316.0
2023-06-02 14:20:00,396.135,154316.0
2023-06-02 14:20:00,396.135,154316.0
2023-06-02 14:20:00,396.17,154317.0
2023-06-02 14:20:00,396.08000000000004,154317.0
2023-06-02 14:20:01,396.08000000000004,154317.0
2023-06-02 14:20:01,396.08000000000004,154317.0
2023-06-02 14:20:01,396.12,154319.0
2023-06-02 14:20:01,396.12,154319.0
2023-06-02 14:20:01,396.07,154320.0
2023-06-02 14:20:01,396.01,154320.0
2023-06-02 14:20:01,395.97,154320.0
2023-06-02 14:20:01,395.97,154321.0
2023-06-02 14:20:02,395.97,154321.0
2023-06-02 14:20:02,395.97,154321.0
2023-06-02 14:20:02,395.97,154321.0
2023-06-02 14:20:02,395.97,154323.0
2023-06-02 14:20:02,395.97,154323.0
2023-06-02 14:20:02,395.97,154324.0
2023-06-02 14:20:02,395.97,154324.0
2023-06-02 14:20:03,395.97,154324.0
2023-06-02 14:20:03,395.97,154324.0
2023-06-02 14:20:03,396.03,154324.0
2023-06-02 14:20:03,396.03,154325.0
2023-06-02 14:20:03,395.99,154326.0
2023-06-02 14:20:04,395.88,154326.0
2023-06-02 14:20:04,395.88,154326.0
2023-06-02 14:20:04,395.85,154326.0
2023-06-02 14:20:04,395.85,154329.0
2023-06-02 14:20:04,395.84,154329.0
2023-06-02 14:20:04,395.84,154332.0
2023-06-02 14:20:04,395.935,154332.0
2023-06-02 14:20:05,395.92,154332.0
2023-06-02 14:20:05,395.92,154332.0
2023-06-02 14:20:05,395.92,154332.0
2023-06-02 14:20:05,395.92,154335.0
2023-06-02 14:20:05,395.92,154335.0
2023-06-02 14:20:05,395.95,154335.0
2023-06-02 14:20:05,395.95,154336.0
2023-06-02 14:20:05,395.95,154336.0
2023-06-02 14:20:06,395.95,154336.0
2023-06-02 14:20:06,395.95,154336.0
2023-06-02 14:20:06,395.92,154336.0
2023-06-02 14:20:06,395.92,154337.0
2023-06-02 14:20:06,395.92,154337.0
2023-06-02 14:20:06,395.9,154337.0
2023-06-02 14:20:06,395.9,154340.0
2023-06-02 14:20:06,395.9,154340.0
2023-06-02 14:20:07,395.9,154340.0
2023-06-02 14:20:07,395.9,154340.0
2023-06-02 14:20:07,395.92,154341.0
2023-06-02 14:20:07,395.92,154341.0
2023-06-02 14:20:08,395.92,154343.0
2023-06-02 14:20:08,395.92,154343.0
2023-06-02 14:20:08,395.92,154345.0
2023-06-02 14:20:09,395.93,154346.0
2023-06-02 14:20:09,395.93,154346.0
2023-06-02 14:20:09,395.93,154346.0
2023-06-02 14:20:09,395.93,154346.0
2023-06-02 14:20:09,395.92,154347.0
2023-06-02 14:20:09,395.92,154347.0
2023-06-02 14:20:09,395.92,154347.0
2023-06-02 14:20:09,395.81,154348.0
2023-06-02 14:20:10,395.81,154348.0
2023-06-02 14:20:10,395.81,154348.0
2023-06-02 14:20:10,395.81,154348.0
2023-06-02 14:20:10,395.77,154352.0
2023-06-02 14:20:10,395.77,154352.0
2023-06-02 14:20:11,395.76,154352.0
2023-06-02 14:20:11,395.76,154354.0
2023-06-02 14:20:11,395.76,154354.0
2023-06-02 14:20:11,395.76,154354.0
2023-06-02 14:20:11,395.76,154355.0
2023-06-02 14:20:11,395.76,154355.0
2023-06-02 14:20:11,395.79,154355.0
2023-06-02 14:20:11,395.79,154365.0
2023-06-02 14:20:12,395.79,154365.0
2023-06-02 14:20:12,395.76,154365.0
2023-06-02 14:20:12,395.76,154366.0
2023-06-02 14:20:12,395.79,154366.0
2023-06-02 14:20:12,395.79,154372.0
2023-06-02 14:20:13,396.005,154372.0
2023-06-02 14:20:13,396.005,154372.0
2023-06-02 14:20:13,396.01,154372.0
2023-06-02 14:20:13,396.01,154373.0
2023-06-02 14:20:13,396.01,154373.0
2023-06-02 14:20:14,396.01,154373.0
2023-06-02 14:20:14,395.88,154373.0
2023-06-02 14:20:14,395.88,154374.0
2023-06-02 14:20:14,395.88,154374.0
2023-06-02 14:20:14,395.88,154377.0
2023-06-02 14:20:14,395.88,154377.0
2023-06-02 14:20:14,395.88,154377.0
2023-06-02 14:20:14,395.95,154377.0
2023-06-02 14:20:15,395.95,154378.0
2023-06-02 14:20:15,395.95,154378.0
2023-06-02 14:20:15,395.95,154378.0
2023-06-02 14:20:15,396.01,154379.0
2023-06-02 14:20:16,395.9,154383.0
2023-06-02 14:20:16,395.9,154383.0
2023-06-02 14:20:16,395.9,154383.0
2023-06-02 14:20:16,396.01,154383.0
2023-06-02 14:20:16,396.01,154384.0
2023-06-02 14:20:17,395.93,154384.0
2023-06-02 14:20:17,395.93,154385.0
2023-06-02 14:20:17,395.93,154385.0
2023-06-02 14:20:17,395.93,154385.0
2023-06-02 14:20:17,395.93,154385.0
2023-06-02 14:20:17,395.93,154385.0
2023-06-02 14:20:17,395.81,154415.0
2023-06-02 14:20:17,395.81,154415.0
2023-06-02 14:20:17,395.81,154415.0
2023-06-02 14:20:17,395.81,154416.0
2023-06-02 14:20:18,395.81,154416.0
2023-06-02 14:20:18,395.81,154416.0
2023-06-02 14:20:18,395.83,154416.0
2023-06-02 14:20:18,395.83,154417.0
2023-06-02 14:20:19,395.83,154417.0
2023-06-02 14:20:19,395.83,154417.0
2023-06-02 14:20:19,395.85,154417.0
2023-06-02 14:20:19,395.85,154422.0
2023-06-02 14:20:19,395.85,154422.0
2023-06-02 14:20:19,395.92,154422.0
2023-06-02 14:20:19,395.92,154423.0
2023-06-02 14:20:19,395.83,154423.0
2023-06-02 14:20:20,395.83,154423.0
2023-06-02 14:20:20,395.83,154425.0
2023-06-02 14:20:20,395.90999999999997,154425.0
2023-06-02 14:20:20,395.91999999999996,154425.0
2023-06-02 14:20:20,395.98,154425.0
2023-06-02 14:20:20,395.98,154426.0
2023-06-02 14:20:20,395.845,154426.0
2023-06-02 14:20:21,395.98,154426.0
2023-06-02 14:20:21,395.79,154426.0
2023-06-02 14:20:21,395.79,154430.0
2023-06-02 14:20:21,395.79,154430.0
2023-06-02 14:20:21,395.86,154430.0
2023-06-02 14:20:21,395.86,154431.0
2023-06-02 14:20:22,395.8,154431.0
2023-06-02 14:20:22,395.8,154433.0
2023-06-02 14:20:22,395.8,154433.0
2023-06-02 14:20:22,395.8,154433.0
2023-06-02 14:20:22,395.86,154433.0
2023-06-02 14:20:22,395.86,154434.0
2023-06-02 14:20:23,395.85,154434.0
2023-06-02 14:20:23,395.85,154435.0
2023-06-02 14:20:23,395.85,154435.0
2023-06-02 14:20:23,395.86,154436.0
2023-06-02 14:20:24,395.86,154436.0
2023-06-02 14:20:24,395.86,154436.0
2023-06-02 14:20:24,395.76,154436.0
2023-06-02 14:20:24,395.76,154440.0
2023-06-02 14:20:24,395.76,154981.0
2023-06-02 14:20:24,395.76,154981.0
2023-06-02 14:20:24,395.76,154981.0
2023-06-02 14:20:24,395.745,154981.0
2023-06-02 14:20:24,395.9,154982.0
2023-06-02 14:20:25,395.9,154982.0
2023-06-02 14:20:25,395.9,154982.0
2023-06-02 14:20:25,395.94,154983.0
2023-06-02 14:20:25,395.94,154983.0
2023-06-02 14:20:25,395.9,154983.0
2023-06-02 14:20:25,395.9,154986.0
2023-06-02 14:20:26,395.9,154986.0
2023-06-02 14:20:26,395.96,154986.0
2023-06-02 14:20:26,395.96,154987.0
2023-06-02 14:20:26,395.96,154987.0
2023-06-02 14:20:26,395.96,154987.0
2023-06-02 14:20:26,395.9,155012.0
2023-06-02 14:20:27,395.9,155012.0
2023-06-02 14:20:27,395.9,155012.0
2023-06-02 14:20:27,395.89,155012.0
2023-06-02 14:20:27,395.89,155013.0
2023-06-02 14:20:28,395.95,155013.0
2023-06-02 14:20:28,395.95,155014.0
2023-06-02 14:20:28,395.95,155014.0
2023-06-02 14:20:28,395.95,155014.0
2023-06-02 14:20:28,395.95,155014.0
2023-06-02 14:20:28,395.95,155014.0
2023-06-02 14:20:28,396.03499999999997,155015.0
2023-06-02 14:20:28,396.0,155015.0
2023-06-02 14:20:29,396.0,155015.0
2023-06-02 14:20:29,396.03,155015.0
2023-06-02 14:20:29,396.03,155017.0
2023-06-02 14:20:29,396.03,155017.0
2023-06-02 14:20:29,396.03,155017.0
2023-06-02 14:20:29,396.08,155017.0
2023-06-02 14:20:29,396.08,155019.0
2023-06-02 14:20:30,396.09,155022.0
2023-06-02 14:20:30,396.09,155022.0
2023-06-02 14:20:30,396.09,155022.0
2023-06-02 14:20:30,396.14,155023.0
2023-06-02 14:20:30,396.14,155023.0
2023-06-02 14:20:31,396.16999999999996,155025.0
2023-06-02 14:20:31,396.18,155025.0
2023-06-02 14:20:31,396.18,155025.0
2023-06-02 14:20:31,396.17,155025.0
2023-06-02 14:20:31,396.17,155026.0
2023-06-02 14:20:31,396.17,155026.0
2023-06-02 14:20:32,396.17,155026.0
2023-06-02 14:20:32,396.1,155026.0
2023-06-02 14:20:32,396.1,155031.0
2023-06-02 14:20:32,396.1,155031.0
2023-06-02 14:20:32,396.16,155031.0
2023-06-02 14:20:32,396.16,155032.0
2023-06-02 14:20:33,396.16,155032.0
2023-06-02 14:20:33,396.13,155032.0
2023-06-02 14:20:33,396.13,155033.0
2023-06-02 14:20:33,396.1,155033.0
2023-06-02 14:20:33,396.1,155034.0
2023-06-02 14:20:33,396.1,155034.0
2023-06-02 14:20:34,396.1,155034.0
2023-06-02 14:20:34,396.1,155034.0
2023-06-02 14:20:34,396.05,155034.0
2023-06-02 14:20:34,396.05,155035.0
2023-06-02 14:20:34,395.945,155035.0
2023-06-02 14:20:34,395.945,155035.0
2023-06-02 14:20:34,395.945,155035.0
2023-06-02 14:20:34,395.86,155045.0
2023-06-02 14:20:35,395.86,155045.0
2023-06-02 14:20:35,395.86,155045.0
2023-06-02 14:20:35,395.95,155045.0
2023-06-02 14:20:35,395.95,155046.0
2023-06-02 14:20:35,395.95,155046.0
2023-06-02 14:20:35,396.04,155046.0
2023-06-02 14:20:35,396.04,155047.0
2023-06-02 14:20:35,396.04,155047.0
2023-06-02 14:20:36,396.04,155047.0
2023-06-02 14:20:36,395.94,155050.0
2023-06-02 14:20:36,395.94,155050.0
2023-06-02 14:20:36,395.93,155052.0
2023-06-02 14:20:37,395.93,155052.0
2023-06-02 14:20:37,395.98,155053.0
2023-06-02 14:20:37,396.0,155054.0
2023-06-02 14:20:38,396.0,155054.0
2023-06-02 14:20:38,396.0,155054.0
2023-06-02 14:20:38,396.0,155054.0
2023-06-02 14:20:38,396.0,155060.0
2023-06-02 14:20:38,396.0,155060.0
2023-06-02 14:20:39,396.07,155061.0
2023-06-02 14:20:39,396.07,155061.0
2023-06-02 14:20:39,396.07,155061.0
2023-06-02 14:20:39,396.07,155061.0
2023-06-02 14:20:39,396.08,155062.0
2023-06-02 14:20:40,396.08,155062.0
2023-06-02 14:20:40,396.19,155064.0
2023-06-02 14:20:40,396.14,155091.0
2023-06-02 14:20:40,396.14,155091.0
2023-06-02 14:20:41,396.09,155091.0
2023-06-02 14:20:41,396.09,155092.0
2023-06-02 14:20:41,396.145,155092.0
2023-06-02 14:20:41,396.145,155092.0
2023-06-02 14:20:41,396.11,155092.0
2023-06-02 14:20:41,396.11,155095.0
2023-06-02 14:20:42,396.11,155096.0
2023-06-02 14:20:42,396.25,155096.0
2023-06-02 14:20:42,396.25,155096.0
2023-06-02 14:20:42,396.385,155097.0
2023-06-02 14:20:42,396.385,155097.0
2023-06-02 14:20:43,396.31,155106.0
2023-06-02 14:20:43,396.31,155106.0
2023-06-02 14:20:43,396.31,155106.0
2023-06-02 14:20:43,396.37,155106.0
2023-06-02 14:20:43,396.37,155107.0
2023-06-02 14:20:44,396.37,155108.0
2023-06-02 14:20:44,396.37,155108.0
2023-06-02 14:20:44,396.37,155108.0
2023-06-02 14:20:44,396.37,155108.0
2023-06-02 14:20:44,396.35,155108.0
2023-06-02 14:20:44,396.35,155109.0
2023-06-02 14:20:45,396.25,155109.0
2023-06-02 14:20:45,396.25,155110.0
2023-06-02 14:20:45,396.25,155110.0
2023-06-02 14:20:45,396.25,155110.0
2023-06-02 14:20:45,396.25,155110.0
2023-06-02 14:20:45,396.24,155111.0
2023-06-02 14:20:45,396.24,155111.0
2023-06-02 14:20:46,396.24,155111.0
2023-06-02 14:20:46,396.15,155111.0
2023-06-02 14:20:46,396.21500000000003,155112.0
2023-06-02 14:20:46,396.21000000000004,155112.0
2023-06-02 14:20:46,396.21000000000004,155112.0
2023-06-02 14:20:46,396.21000000000004,155112.0
2023-06-02 14:20:46,396.21,155113.0
2023-06-02 14:20:47,396.20500000000004,155113.0
2023-06-02 14:20:47,396.20500000000004,155114.0
2023-06-02 14:20:47,396.20500000000004,155114.0
2023-06-02 14:20:47,396.22,155114.0
2023-06-02 14:20:47,396.22,155116.0
2023-06-02 14:20:47,396.09000000000003,155116.0
2023-06-02 14:20:48,396.0,155117.0
2023-06-02 14:20:48,396.0,155117.0
2023-06-02 14:20:48,396.0,155117.0
2023-06-02 14:20:48,396.02,155117.0
2023-06-02 14:20:48,396.02,155118.0
2023-06-02 14:20:48,396.02,155118.0
2023-06-02 14:20:49,396.01,155118.0
2023-06-02 14:20:49,396.01,155119.0
2023-06-02 14:20:49,396.01,155119.0
2023-06-02 14:20:49,396.01,155119.0
2023-06-02 14:20:49,396.01,155119.0
2023-06-02 14:20:49,396.04,155119.0
2023-06-02 14:20:49,396.04,155128.0
2023-06-02 14:20:50,396.04,155128.0
2023-06-02 14:20:50,396.21,155128.0
2023-06-02 14:20:50,396.21,155129.0
2023-06-02 14:20:50,396.09000000000003,155129.0
2023-06-02 14:20:51,396.09,155129.0
2023-06-02 14:20:51,396.09,155130.0
2023-06-02 14:20:51,396.09,155130.0
2023-06-02 14:20:51,396.09,155130.0
2023-06-02 14:20:51,396.1,155130.0
2023-06-02 14:20:51,396.1,155133.0
2023-06-02 14:20:51,396.1,155133.0
2023-06-02 14:20:52,396.01,155133.0
2023-06-02 14:20:52,396.01,155134.0
2023-06-02 14:20:52,396.145,155134.0
2023-06-02 14:20:52,396.145,155134.0
2023-06-02 14:20:52,396.13,155134.0
2023-06-02 14:20:52,396.13,155135.0
2023-06-02 14:20:52,396.13,155135.0
2023-06-02 14:20:53,396.1,155135.0
2023-06-02 14:20:53,396.1,155137.0
2023-06-02 14:20:53,396.1,155137.0
2023-06-02 14:20:53,396.1,155137.0
2023-06-02 14:20:53,396.1,155137.0
2023-06-02 14:20:53,396.04,155137.0
2023-06-02 14:20:53,396.04,155138.0
2023-06-02 14:20:54,396.05,155138.0
2023-06-02 14:20:54,396.05,155145.0
2023-06-02 14:20:54,396.05,155145.0
2023-06-02 14:20:54,396.05,155145.0
2023-06-02 14:20:54,396.05,156008.0
2023-06-02 14:20:54,396.05,156008.0
2023-06-02 14:20:54,396.03,156008.0
2023-06-02 14:20:55,396.03,156008.0
2023-06-02 14:20:55,396.03,156009.0
2023-06-02 14:20:55,396.03,156009.0
2023-06-02 14:20:55,396.04,156009.0
2023-06-02 14:20:55,396.04,156010.0
2023-06-02 14:20:55,396.04,156010.0
2023-06-02 14:20:56,396.08,156010.0
2023-06-02 14:20:56,396.08,156012.0
2023-06-02 14:20:56,396.08,156012.0
2023-06-02 14:20:56,396.08,156012.0
2023-06-02 14:20:56,396.08,156013.0
2023-06-02 14:20:57,396.12,156013.0
2023-06-02 14:20:57,396.12,156014.0
2023-06-02 14:20:57,395.985,156014.0
2023-06-02 14:20:57,395.985,156014.0
2023-06-02 14:20:57,395.985,156014.0
2023-06-02 14:20:57,396.0,156015.0
2023-06-02 14:20:58,396.0,156015.0
2023-06-02 14:20:58,396.02,156015.0
2023-06-02 14:20:58,395.975,156016.0
2023-06-02 14:20:58,395.975,156016.0
2023-06-02 14:20:58,395.95,156016.0
2023-06-02 14:20:58,395.95,156017.0
2023-06-02 14:20:59,395.99,156017.0
2023-06-02 14:20:59,395.99,156018.0
2023-06-02 14:20:59,395.99,156018.0
2023-06-02 14:20:59,395.99,156018.0
2023-06-02 14:20:59,395.98,156019.0
2023-06-02 14:21:00,395.98,156019.0
2023-06-02 14:21:00,395.97,156023.0
2023-06-02 14:21:00,395.775,156023.0
2023-06-02 14:21:00,395.775,156023.0
2023-06-02 14:21:00,395.775,156023.0
2023-06-02 14:21:00,395.71,156025.0
2023-06-02 14:21:00,395.71,156025.0
2023-06-02 14:21:01,395.71,156025.0
2023-06-02 14:21:01,395.7,156025.0
2023-06-02 14:21:01,395.7,156027.0
2023-06-02 14:21:01,395.7,156027.0
2023-06-02 14:21:01,395.7,156027.0
2023-06-02 14:21:01,395.66,156027.0
2023-06-02 14:21:01,395.66,156029.0
2023-06-02 14:21:02,395.76,156029.0
2023-06-02 14:21:02,395.76,156049.0
2023-06-02 14:21:02,395.76,156049.0
2023-06-02 14:21:02,395.76,156049.0
2023-06-02 14:21:02,395.76,156049.0
2023-06-02 14:21:02,395.76,156049.0
2023-06-02 14:21:02,395.76,156052.0
2023-06-02 14:21:02,395.76,156052.0
2023-06-02 14:21:03,395.82,156052.0
2023-06-02 14:21:03,395.82,156053.0
2023-06-02 14:21:03,395.82,156053.0
2023-06-02 14:21:03,395.78,156054.0
2023-06-02 14:21:03,395.78,156054.0
2023-06-02 14:21:04,395.81,156054.0
2023-06-02 14:21:04,395.81,156055.0
2023-06-02 14:21:04,395.81,156055.0
2023-06-02 14:21:04,395.81,156055.0
2023-06-02 14:21:04,395.81,156055.0
2023-06-02 14:21:04,395.77,156055.0
2023-06-02 14:21:04,395.77,156057.0
2023-06-02 14:21:04,395.77,156057.0
2023-06-02 14:21:05,395.83,156057.0
2023-06-02 14:21:05,395.83,156058.0
2023-06-02 14:21:05,395.83,156058.0
2023-06-02 14:21:05,395.83,156058.0
2023-06-02 14:21:05,395.83,156058.0
2023-06-02 14:21:05,395.82,156058.0
2023-06-02 14:21:05,395.82,156059.0
2023-06-02 14:21:05,395.82,156059.0
2023-06-02 14:21:06,395.78,156059.0
2023-06-02 14:21:06,395.78,156063.0
2023-06-02 14:21:06,395.78,156063.0
2023-06-02 14:21:06,395.7,156063.0
2023-06-02 14:21:06,395.7,156064.0
2023-06-02 14:21:06,395.78,156064.0
2023-06-02 14:21:07,395.79,156064.0
2023-06-02 14:21:07,395.79,156065.0
2023-06-02 14:21:07,395.79,156065.0
2023-06-02 14:21:07,395.79,156065.0
2023-06-02 14:21:07,395.79,156065.0
2023-06-02 14:21:07,395.79,156065.0
2023-06-02 14:21:07,395.76,156066.0
2023-06-02 14:21:08,395.76,156066.0
2023-06-02 14:21:08,395.7,156066.0
2023-06-02 14:21:08,395.7,156067.0
2023-06-02 14:21:08,395.7,156067.0
2023-06-02 14:21:08,395.7,156068.0
2023-06-02 14:21:09,395.76,156070.0
2023-06-02 14:21:09,395.76,156070.0
2023-06-02 14:21:09,395.71,156070.0
2023-06-02 14:21:09,395.71,156072.0
2023-06-02 14:21:09,395.71,156072.0
2023-06-02 14:21:10,395.76,156073.0
2023-06-02 14:21:10,395.76,156073.0
2023-06-02 14:21:10,395.76,156073.0
2023-06-02 14:21:10,395.76,156074.0
2023-06-02 14:21:11,395.76,156074.0
2023-06-02 14:21:11,395.76,156074.0
2023-06-02 14:21:11,395.72,156074.0
2023-06-02 14:21:11,395.72,156075.0
2023-06-02 14:21:11,395.72,156075.0
2023-06-02 14:21:11,395.72,156075.0
2023-06-02 14:21:11,395.72,156076.0
2023-06-02 14:21:12,395.72,156076.0
2023-06-02 14:21:12,395.72,156076.0
2023-06-02 14:21:12,395.71,156077.0
2023-06-02 14:21:12,395.71,156077.0
2023-06-02 14:21:12,395.71,156077.0
2023-06-02 14:21:12,395.71,156078.0
2023-06-02 14:21:12,395.71,156078.0
2023-06-02 14:21:13,395.71,156078.0
2023-06-02 14:21:13,395.71,156078.0
2023-06-02 14:21:13,395.71,156078.0
2023-06-02 14:21:13,395.64,156079.0
2023-06-02 14:21:13,395.64,156079.0
2023-06-02 14:21:13,395.64,156079.0
2023-06-02 14:21:13,395.61,156079.0
2023-06-02 14:21:13,395.61,156080.0
2023-06-02 14:21:14,395.67,156081.0
2023-06-02 14:21:14,395.67,156081.0
2023-06-02 14:21:14,395.67,156081.0
2023-06-02 14:21:14,395.67,156082.0
2023-06-02 14:21:15,395.5,156082.0
2023-06-02 14:21:15,395.5,156082.0
2023-06-02 14:21:15,395.5,156082.0
2023-06-02 14:21:15,395.42,156083.0
2023-06-02 14:21:15,395.42,156083.0
2023-06-02 14:21:15,395.52,156083.0
2023-06-02 14:21:15,395.52,156084.0
2023-06-02 14:21:15,395.52,156084.0
2023-06-02 14:21:16,395.52,156084.0
2023-06-02 14:21:16,395.52,156084.0
2023-06-02 14:21:16,395.52,156084.0
2023-06-02 14:21:16,395.52,156089.0
2023-06-02 14:21:16,395.63,156089.0
2023-06-02 14:21:16,395.55,156089.0
2023-06-02 14:21:16,395.55,156091.0
2023-06-02 14:21:17,395.55,156091.0
2023-06-02 14:21:17,395.675,156092.0
2023-06-02 14:21:17,395.685,156092.0
2023-06-02 14:21:17,395.68,156094.0
2023-06-02 14:21:18,395.67,156094.0
2023-06-02 14:21:18,395.67,156095.0
2023-06-02 14:21:18,395.67,156095.0
2023-06-02 14:21:18,395.67,156095.0
2023-06-02 14:21:18,395.67,156095.0
2023-06-02 14:21:18,395.67,156096.0
2023-06-02 14:21:18,395.67,156096.0
2023-06-02 14:21:19,395.67,156097.0
2023-06-02 14:21:19,395.67,156097.0
2023-06-02 14:21:19,395.6,156097.0
2023-06-02 14:21:19,395.6,156107.0
2023-06-02 14:21:20,395.68,156107.0
2023-06-02 14:21:20,395.68,156107.0
2023-06-02 14:21:20,395.64,156107.0
2023-06-02 14:21:20,395.64,156108.0
2023-06-02 14:21:20,395.8,156108.0
2023-06-02 14:21:20,395.8,156108.0
2023-06-02 14:21:20,395.8,156108.0
2023-06-02 14:21:20,395.8,156109.0
2023-06-02 14:21:21,395.82,156109.0
2023-06-02 14:21:21,395.82,156110.0
2023-06-02 14:21:21,395.82,156110.0
2023-06-02 14:21:21,395.82,156110.0
2023-06-02 14:21:21,395.72,156115.0
